2666 4310
159 253 197 312 44
473 253 505 302 D.
522 253 619 302 JUNll
636 251 832 302 JUl'ENALlS

159 395 196 454 Ut
210 407 238 454 te
252 395 425 472 conciperet,
438 415 501 472 qun
515 397 656 474 sanguine
671 395 756 472 fulget
771 394 843 466 luli;
909 457 924 468 ,

160 475 226 533 Νοιι
239 494 302 550 quae
317 487 431 532 ventoso
445 476 587 532 conducta
601 476 654 532 sub
668 495 771 550 aggere
784 475 863 532 texit.
886 456 968 530 Osce

162 555 218 612 Vos
233 554 363 624 humiles,
378 554 481 629 inquis,
496 554 572 628 tulgi
586 575 650 630 para
665 555 765 612 ultima
779 553 877 626 nostri,

158 631 291 693 Quorum
306 651 390 690 nemo
404 645 489 708 queat
502 633 620 708 patriam
636 645 791 690 monstrare
806 632 949 708 parentisr
1107 631 1147 690 db

160 713 214 769 Ast
228 731 282 786 ego
296 711 388 788 (ἲς-ρο
409 713 477 788 ides.
521 712 615 783 Vitas,
629 723 658 769 et
672 711 790 786 originis
804 712 887 787 hujus
921 715 1038 810 [ltus
1061 731 1090 776 tr
1109 713 1218 788 calz„

157 791 270 848 Gaudia
284 790 368 866 longa
382 731 473 860 ibren
494 801 588 848 tamen
604 791 661 848 ima
675 790 757 866 plebe
770 791 917 868 Qu
963 807 1069 860 §amu
1083 807 1186 862 ,νώ

160 867 328 926 Facundum
343 869 490 926 invenies:
511 869 582 928 solet
596 871 643 928 hic
657 869 811 926 defendere
824 887 926 926 causas

158 945 270 1005 Nobilis
284 947 400 1006 indocti.
443 948 548 1006 Veniet
561 949 597 1006 de
612 949 694 1026 plebe
709 949 815 1024 ogau,

156 1025 218 1088 Qui
229 1026 302 1103 juris
315 1027 405 1084 nodos
417 1037 447 1084 et
461 1028 554 1104 legum
569 1027 721 1104 aenigmata
734 1027 829 1084 solvat.
1106 1025 1145 1085 61

158 1104 217 1164 llic
231 1106 300 1182 petit
314 1105 479 1182 Euphraten
491 1107 614 1182 juvenis,
629 1106 784 1180 domitique
799 1103 897 1164 Batavi

158 1184 299 1242 Custodes
314 1186 431 1260 aquilas,
445 1186 531 1244 armis
545 1185 716 1253 industrius;
737 1195 767 1242 at
779 1197 811 1242 tu

156 1263 218 1334 Nil,
233 1263 287 1322 nisi
302 1263 485 1340 Cecropides,
501 1277 658 1338 truncoque
669 1263 829 1322 simillimus
843 1261 969 1321 Hermo.

157 1341 245 1400 Nullo
257 1343 361 1419 quippe
375 1343 430 1401 alio
444 1343 534 1400 vincis
548 1343 722 1415 discrimine,
733 1343 817 1419 quim
831 1338 909 1417 qubd

158 1420 204 1478 llli
218 1441 405 1478 marmoreum
421 1433 506 1498 caput
516 1433 569 1492 est,
583 1434 633 1480 tua
647 1422 714 1479 vivit
728 1423 829 1497 imago.

157 1499 213 1557 Dic
228 1501 307 1572 mihi,
321 1500 501 1559 Teucrorum
513 1500 615 1576 proles,
629 1501 762 1558 animalia
778 1510 858 1558 muta

156 1580 233 1641 Quis
246 1598 384 1656 generosa
397 1592 486 1655 putet,
501 1581 555 1637 nisi
571 1580 651 1638 sortia
663 1581 674 1636 l
695 1599 797 1656 nempe
811 1579 955 1637 volucrem

158 1659 208 1716 Sic
221 1659 369 1716 laudamus
382 1677 497 1733 equum,
512 1659 588 1716 sacili
603 1659 650 1715 cui
665 1658 786 1734 plurima
800 1659 894 1735 palma

158 1735 270 1810 Fervet,
283 1748 312 1794 et
325 1737 446 1796 exsultat
460 1757 547 1796 rauco
561 1738 677 1795 victoria
691 1737 786 1795 Circo.

157 1815 270 1875 Nobilis
283 1815 340 1888 hic,
354 1835 524 1892 quocunque
538 1817 616 1874 venit
629 1817 666 1874 de
679 1818 818 1892 gramine,
831 1815 914 1892 cnjus

157 1895 243 1954 Clara
257 1896 324 1972 luga
337 1907 402 1953 ante
417 1896 495 1968 alios,
507 1909 536 1954 et
549 1898 657 1972 primus
670 1897 699 1953 in
714 1915 825 1971 equore
838 1895 946 1972 pulvis:

157 1976 215 2032 Sed
229 1975 328 2033 venale
341 1993 430 2051 pecus
444 1975 587 2050 Corythae,
598 1975 747 2051 posteritas
760 1985 790 2033 et

157 2053 283 2131 Hirpini,
298 2055 322 2112 si
336 2073 400 2112 rara
411 2054 482 2131 jugo
496 2054 613 2112 victoria
627 2055 708 2112 sedit.

62 2152 65 2161 ·
91 2125 100 2141 “
158 2133 207 2190 Nil
221 2134 260 2192 ibi
274 2133 412 2210 majorum
427 2145 582 2210 respectus,
596 2133 686 2210 gratia
701 2132 780 2190 nrdla

76 2219 88 2287 J,
159 2211 346 2270 Umbrarum:
368 2213 497 2270 dominos
510 2213 608 2289 pretiis
621 2223 730 2269 mutare
741 2212 878 2287 jubentur

157 2290 287 2366 Exiguis,
301 2291 421 2366 tritoque
435 2293 550 2349 trahunt
563 2291 689 2367 epiredis
702 2291 776 2349 collo

64 2393 75 2402 ·
89 2377 92 2386 “
157 2369 345 2446 segnipedes,
359 2369 495 2446 dignique
509 2371 611 2427 molam
627 2389 736 2428 versare
750 2369 879 2445 Nepotis.

158 2446 246 2524 Ergo,
260 2459 292 2505 ut
305 2448 440 2506 miremur
453 2461 492 2520 te,
506 2467 563 2506 non
577 2460 636 2520 tua,
650 2447 773 2525 primum
788 2449 893 2524 aliquid
907 2448 955 2522 da,

156 2526 245 2588 Quod
259 2528 363 2604 possim
378 2527 467 2585 titulis
481 2528 607 2584 incidere
621 2541 722 2604 praeter
736 2528 868 2600 bonores,

156 2605 240 2667 Quos
255 2606 311 2664 illis
325 2607 426 2663 damus
439 2618 468 2664 et
481 2606 622 2678 dedimus,
636 2607 738 2681 quibus
751 2606 848 2664 omnia
862 2606 958 2665 debes.
971 2611 1021 2702 qd
1105 2607 1145 2666 7⁰

197 2684 270 2742 Haec
284 2682 352 2743 satis
366 2687 402 2742 ad
414 2685 559 2760 juvenem,
573 2703 657 2760 quem
670 2685 752 2742 nobis
766 2685 839 2742 fama
853 2687 1006 2761 superbum

157 2763 269 2836 Tradit,
284 2776 313 2822 et
327 2763 465 2834 inflatum,
479 2764 651 2840 plenumque
665 2763 782 2821 Nerone
796 2764 965 2840 propinquo.

67 2834 79 2852 '⁴
157 2841 253 2901 Rarus
266 2844 344 2902 enim
359 2839 446 2900 ferme
462 2861 562 2900 sensus
576 2843 735 2900 communis
749 2842 778 2900 iu
792 2843 841 2900 illa

158 2919 293 2980 Fortuna.
335 2923 392 2982 Sed
407 2932 435 2979 te
446 2921 557 2979 censeri
571 2921 788 2993 landemarum,

74 3065 76 3070 ¹
158 3000 286 3074 Pontice,
301 3001 451 3072 noluerim,
467 3000 510 3058 sic
525 3012 556 3057 ut
569 2999 638 3057 nihil
654 3000 713 3076 ipse
728 3001 829 3057 suturae
1099 3001 1142 3059 te

157 3078 264 3136 Laudis
279 3099 355 3155 agas.
396 3079 537 3137 Miserum
550 3090 593 3136 est
607 3079 726 3136 aliorum
741 3079 905 3136 incumbere
920 3078 1011 3153 samar,

158 3157 204 3214 Ne
218 3157 341 3234 collapsa
355 3171 439 3216 ruant
452 3158 601 3214 subductis
613 3169 689 3215 tecta
702 3157 852 3215 columnis.
890 3224 903 3242 f
951 3221 955 3230 ,

158 3237 269 3294 Stratus
285 3237 363 3294 humi
377 3237 484 3313 palmes
498 3236 597 3293 viduas
611 3236 752 3293 desiderat
766 3237 866 3294 ulmus.
922 3248 939 3272 υ

159 3315 228 3372 Esto
243 3315 332 3372 bonus
346 3315 437 3386 miles,
451 3325 527 3378 tutor
542 3315 642 3385 bonus,
656 3314 760 3371 arbiter
775 3315 851 3372 idern

159 3393 283 3467 integer.
324 3393 476 3468 Ambiguae
491 3394 515 3450 si
529 3394 642 3468 quando
655 3393 779 3472 citabere
793 3394 873 3451 testis
1101 3394 1145 3454 ἢ)

159 3472 336 3546 lncertaeque
351 3472 409 3540 rei;
431 3472 559 3528 Phalaris
573 3469 784 3546 licetimperet,
800 3481 830 3528 ut
843 3471 882 3530 sis
968 3489 971 3496 ⁴

160 3551 270 3620 Falsus,
285 3561 314 3608 et
328 3551 443 3607 admoto
457 3549 546 3606 dictet
559 3550 683 3626 perjuria
696 3560 787 3621 tauro,
943 3598 947 3609 s

159 3631 310 3686 Summum
324 3629 409 3686 crede
424 3628 503 3685 nefas
517 3629 641 3686 animam
655 3627 785 3702 preferre
798 3628 911 3704 pudori,
930 3651 947 3672 τ’
959 3653 965 3662 ·
975 3648 979 3666 ·
990 3633 1046 3670 *²⁴*

159 3707 197 3764 Et
210 3719 321 3784 propter
335 3709 419 3766 vitam
435 3707 545 3764 vivendi
559 3707 677 3782 perdere
691 3724 800 3763 causas.

161 3785 272 3862 Dignus
285 3798 375 3846 morte
388 3786 471 3864 perit,
485 3797 580 3843 cenet
593 3781 661 3842 lietu
675 3794 768 3844 ostrea
781 3795 897 3844 centum
