2652 4308
178 265 218 324 Μ
493 263 525 312 D.
542 261 640 314 sunu
655 261 852 314 IUVENALl!

178 403 228 460 Sic
242 423 353 480 possem
368 405 446 464 all'ari
460 426 466 464 :
488 405 554 480 Dic,
567 427 586 466 o
599 409 759 483 vanissime,
772 406 837 504 quja
849 417 878 466 te

178 481 325 540 l'estinare
338 485 439 560 jubet!
461 487 606 544 meliorem
621 483 723 562 presto
737 475 872 562 inagrstro

178 560 367 638 Discipulum.
410 567 536 622 Securus
550 567 614 623 abi:
637 565 769 635 vinceris,
784 579 815 622 ut
829 565 904 640 Ajax

178 639 317 700 Praeteriit
331 642 530 716 Telamonem,
546 657 576 701 ut
592 645 676 702 Pelea
690 645 757 702 vicit
771 643 910 702 Achilles.

177 719 357 778 Parcendum
372 724 494 780 teneris:
516 725 641 782 nondum
658 723 810 799 implet-rire
824 723 963 802 medullae
1106 722 1165 780 215

177 796 299 858 Mature
314 801 387 858 mala
402 802 545 876 nequitie.
585 802 685 862 Quum
700 813 813 878 pectere
828 803 944 860 barbam

176 877 303 954 Coeperit
316 891 346 938 et
359 880 438 956 longi
453 900 618 938 mucronem
633 882 780 940 admittere
794 880 889 954 cultri,

177 955 278 1014 Falsus
291 959 345 1016 erit
358 959 447 1031 testis,
461 961 564 1018 vendet
577 960 698 1036 perjuria
712 961 825 1017 summit

177 1033 289 1112 Exigud
303 1049 332 1095 et
345 1039 459 1096 Cereris
473 1051 594 1114 tangens
607 1057 740 1114 aramque
754 1040 921 1115 pedemque.

176 1114 287 1173 Elatum
299 1117 357 1192 jam
372 1119 457 1175 crede
472 1137 585 1190 nurum,
599 1119 622 1176 si
637 1119 735 1176 limina
749 1131 840 1176 restra
1107 1118 1169 1178 220

176 1191 324 1254 lllortilerti
338 1215 405 1254 cum
419 1198 485 1256 dote
498 1198 583 1254 subit.
623 1197 741 1260 Quibus
754 1197 802 1256 illa
816 1209 958 1274 premetur

176 1271 230 1330 Per
244 1293 377 1334 somnum
391 1277 503 1352 digitis!
526 1296 591 1334 uam
605 1295 668 1352 quae
683 1279 815 1352 terraique
829 1277 955 1352 marique

175 1352 360 1428 Acqoirenda
373 1368 465 1432 putas,
480 1356 588 1414 brevior
603 1355 647 1414 ria
659 1357 787 1414 conseret
801 1355 849 1414 illi.
913 1381 919 1394 ·

175 1428 281 1490 Nullus
294 1435 370 1492 enim
386 1435 480 1510 magni
495 1435 609 1492 sceleris
620 1433 706 1492 labor.
748 1435 822 1494 Haec
834 1453 889 1510 ego
902 1453 1047 1511 nunquam

176 1508 322 1584 Mandavi,
336 1514 415 1570 dices
428 1514 506 1584 olim,
518 1531 573 1570 nec
587 1513 654 1570 talia
667 1514 752 1570 suasi.
896 1511 991 1608 im
998 1547 1044 1596 a(
1060 1581 1063 1586 ¹

175 1587 283 1649 Mentis
296 1611 383 1649 causa
396 1577 478 1650 muse
493 1603 587 1650 tamen
601 1605 644 1650 est
655 1605 683 1650 et
696 1593 775 1668 origo
788 1609 877 1667 penes
889 1603 926 1650 te.
1016 1519 1068 1694 [l

175 1665 203 1722 N
206 1691 251 1728 am
266 1671 392 1747 quisquis
407 1671 502 1746 magni
517 1671 621 1728 censius
635 1671 769 1747 precepit
782 1689 917 1744 amorem,

176 1745 217 1808 Et
231 1752 302 1808 laevo
316 1751 425 1808 monitu
440 1769 542 1826 pueros
556 1749 687 1825 producit
700 1769 808 1820 avaros,

176 1833 212 1889 Et
225 1831 273 1905 qui
288 1847 337 1906 per
353 1830 464 1886 fraudes
478 1829 646 1904 patrimonia
659 1828 861 1904 conduplicare

174 1909 232 1968 Dat
246 1909 414 1980 libertatern,
428 1919 457 1966 et
471 1921 543 1966 totas
557 1907 678 1982 effundit
694 1909 819 1990 habepas

174 1988 341 2046 Curriculo:
362 2007 445 2062 quem
461 1988 484 2044 si
499 2005 624 2057 revoces,
638 1983 906 2064 subsijere'riescit,

174 2069 212 2126 Et
225 2080 252 2124 te
267 2077 428 2142 contempto
441 2067 547 2142 rapitur
562 2066 701 2167 metisqffi
713 2066 848 2147 relictip„¹
854 2115 870 2142 ,

173 2147 268 2204 Nemo
282 2144 351 2204 satis
364 2145 455 2203 credit
465 2144 577 2204 tantiam
592 2135 918 2222 delinquere‚‚q'uautirm

173 2225 342 2284 Permittas:
363 2223 435 2281 ederi
450 2224 599 2300 indulgent
612 2223 764 2282 sibi‘latiris
779 2225 840 2301 ipsi.

171 2305 272 2366 Quum
287 2303 360 2360 dicis
370 2303 478 2378 juveni,
493 2304 619 2373 stultum,
633 2305 681 2378 qui
695 2305 783 2362 donet
796 2305 899 2377 amico,

171 2384 233 2445 Qui
248 2395 440 2458 paupertatem
456 2384 529 2441 levet
544 2383 705 2464 attolletque
720 2383 885 2459 propinqui;

172 2462 208 2519 Et
223 2461 344 2537 spoliare
358 2461 454 2533 doces,
469 2475 498 2520 et
512 2462 756 2534 circumscribere,
767 2476 796 2520 et
808 2463 887 2521 omni

171 2541 299 2598 Crimine
314 2539 424 2597 divitias
438 2543 593 2616 acquirere,
607 2561 724 2618 quarum
739 2560 816 2600 amor
830 2541 860 2600 in
874 2552 913 2613 te,

171 2621 307 2682 Quantus
321 2631 381 2676 crat
394 2621 490 2695 patriae
506 2620 659 2678 Deciorum
675 2621 703 2678 in
718 2631 841 2696 pectore,
856 2617 994 2694 quantum

171 2699 279 2757 Dilexit
293 2697 421 2769 Thebas,
435 2700 459 2756 si
473 2699 585 2756 Graecia
601 2718 675 2770 vera,
692 2698 876 2756 Meuoeceus:

172 2778 207 2836 In
222 2797 340 2854 quorum
356 2777 442 2834 sulcis
455 2779 581 2853 legiones
595 2779 728 2836 dentibus
741 2777 844 2852 anguis
894 2804 929 2844 ἢν
952 2777 985 2848 Q
1001 2783 1051 2830 ’πὶ
1072 2795 1091 2853 3
1111 2816 1114 2825 s
1132 2813 1151 2826 -.

171 2858 246 2915 Cum
261 2859 305 2934 cly
326 2857 367 2914 eis
382 2868 547 2928 nascuntur,
562 2869 591 2914 et
607 2855 720 2913 horrida
734 2856 807 2914 bella
820 2867 974 2932 capessunt

171 2937 328 3010 Continuo,
340 2947 472 3010 tanquam
488 2948 516 2993 et
531 2936 646 2992 tubicen
662 2936 816 2994 surrexerit
829 2933 896 2994 und.
941 2947 1007 3046 lp,

170 3015 248 3092 Ergd
261 3018 367 3092 ignem,
382 3015 465 3090 cujus
479 3015 615 3072 scintillas
630 3015 689 3090 ipse
703 3015 817 3086 dedisti,

171 3095 352 3170 Flagrantetn
367 3091 423 3150 late
438 3105 466 3150 et
480 3095 635 3170 rapientem
650 3104 756 3150 cuncte
770 3091 886 3150 videbis.

170 3173 234 3230 Nec
249 3175 300 3230 tibi
314 3186 445 3249 parcetur
460 3174 571 3243 misero,
586 3173 782 3248 trepidumque
797 3172 962 3248 magistrum

170 3251 204 3308 ln
220 3253 308 3309 caveri
323 3271 429 3326 magno
443 3252 555 3310 fremitu
570 3252 614 3310 leo
628 3251 705 3308 tollet
718 3251 858 3308 alumnus.

209 3330 237 3386 N
240 3343 286 3388 ota
302 3331 508 3388 mathematicis
521 3332 635 3406 genesis
646 3342 710 3408 tuq:
732 3330 781 3389 scd
796 3349 880 3405 grave
894 3330 990 3388 tardas

170 3409 342 3485 Exspectare
357 3409 445 3466 colus.
487 3409 620 3467 Morieris
634 3403 754 3466 stamine
767 3409 893 3466 nondum
972 3465 975 3472 ,

171 3489 308 3564 Abrupto.
350 3487 415 3545 Jam
431 3507 509 3546 nurrc
522 3491 617 3546 obstas
631 3500 659 3545 et
674 3499 737 3544 vota
751 3486 884 3544 moraris:

168 3567 185 3623 J
189 3587 233 3624 am
248 3561 357 3642 torquet
369 3567 500 3643 juvenem
516 3567 600 3644 longa
613 3580 641 3624 et
652 3567 767 3623 cervina
780 3577 921 3622 senectus.

168 3644 259 3704 Ociirs
274 3647 459 3722 Archigenen
473 3651 577 3720 qudre,
592 3659 675 3721 atque
689 3663 762 3715 eme,
775 3645 849 3720 quod
857 3642 1043 3704 Mithridates

168 3726 344 3802 Composuit,
358 3725 381 3783 si
398 3726 438 3782 vis
452 3726 535 3782 aliam
552 3727 704 3798 decerpere
719 3722 815 3794 ficum,

172 3806 263 3880 Atque
277 3805 347 3864 alias
361 3818 481 3878 tractare
496 3825 581 3864 rosas.
625 3802 807 3862 Medicamen
822 3803 984 3862 habendum
998 3815 1051 3880 est,
