2652 4308
561 281 684 332 SATlRA
703 283 723 332 l.

144 423 265 502 Pinguis
279 424 458 501 aqualiculus
471 445 610 502 propenso
622 426 799 518 sesquipede
806 446 856 485 exs
857 436 903 487 let.

143 505 268 576 Olane,
291 524 307 561 a
321 517 400 580 tergo
414 524 496 577 quem
512 505 628 561 nulla
603 506 715 562 ciconia
727 505 823 581 pinsit,

145 583 209 641 Nec
224 602 325 640 manus
340 584 503 640 auriculas
497 584 606 640 imitata
619 596 662 641 est
677 585 787 642 mobilis
801 585 881 658 altas,

144 660 209 719 Nee
223 663 328 738 linguae
331 661 491 753 ,quantiam
502 663 578 720 sitiat
592 663 672 720 canis
687 665 810 738 Appula,
825 632 952 724 tanlunil
1091 667 1131 724 tto

144 741 214 813 Vos,
228 741 256 798 Ο
270 741 405 817 patricius
419 743 536 816 sanguis
539 759 629 831 ,quos
644 741 736 799 vivere
751 743 792 799 las
805 755 848 801 est

144 820 271 897 Occipiti
285 839 363 877 caeco
366 821 502 895 ,posticae
516 820 661 877 occurrite
673 839 780 878 sannae

183 900 260 961 Quis
273 867 373 974 populi
385 918 477 957 sermo
487 901 550 956 estl
569 901 633 973 quis
646 899 744 956 eniml
765 899 819 956 nisi
833 901 962 960 carmina
978 902 1056 962 molli

147 977 174 1034 N
177 997 235 1035 una
248 978 364 1035 demum
379 997 498 1036 numero
512 977 610 1048 fluere,
625 992 656 1035 ut
670 998 720 1053 per
734 978 794 1034 leve
809 998 921 1038 severos

148 1054 283 1116 Effundat
294 1057 430 1132 junctura
444 1075 574 1132 ungues:
597 1057 650 1114 scit
664 1058 781 1114 tendere
796 1076 906 1116 versum
1090 1061 1130 1117 65

147 1134 213 1193 Νοιι
227 1155 320 1208 secus,
334 1155 368 1193 ac
382 1137 405 1193 si
420 1136 504 1193 oculo
518 1135 660 1192 rubricam
674 1136 777 1212 dirigat
791 1155 857 1194 uno.

71 1253 74 1261 «
145 1216 212 1272 Sive
225 1235 296 1291 opus
308 1215 337 1272 in
354 1233 455 1286 mores,
471 1216 499 1272 in
514 1215 623 1286 lusum,
640 1216 668 1272 in
683 1215 803 1290 prandia
818 1235 930 1292 regum,

147 1293 260 1367 Dicere,
271 1313 316 1351 res
330 1295 452 1370 grandes
467 1308 562 1351 nostro
572 1295 621 1351 dat
635 1293 720 1351 Musa
734 1299 834 1370 poetar.

185 1373 263 1431 Ecce
278 1371 363 1431 modb
379 1375 478 1430 heroas
492 1393 592 1430 sensus
608 1373 707 1430 afferre
727 1374 854 1430 videmus

144 1451 174 1508 N
177 1454 255 1528 ugnri
269 1452 365 1510 solitos
378 1450 491 1524 Graeod,
506 1472 560 1509 nec
575 1471 679 1528 ponere
694 1452 789 1510 lucum

146 1531 288 1604 Artifices,
303 1549 358 1588 nea
372 1549 419 1588 rus
433 1543 559 1589 saturum
573 1532 699 1602 laudare,
715 1531 762 1588 ubi
782 1532 892 1605 corbes,

144 1611 182 1668 Et
197 1611 286 1682 locus,
300 1622 329 1668 et
342 1611 430 1685 porci,
444 1623 473 1668 et
489 1611 598 1668 fumosa
613 1611 712 1667 Palilia
728 1613 819 1668 liano:

145 1691 228 1748 Unde
244 1691 365 1760 Remus,
380 1690 514 1764 sulcoque
529 1700 623 1746 terens
636 1690 770 1760 dentalia,
784 1689 900 1763 Quinti,

143 1769 245 1830 Quum
260 1768 369 1844 trepida
384 1781 450 1825 ante
466 1769 549 1825 boves
563 1770 729 1826 dictatorem
744 1769 836 1825 induit
850 1788 929 1843 uxor,

143 1847 182 1905 Et
195 1860 244 1904 tua
261 1859 351 1905 aratra
362 1848 478 1904 domum
493 1847 574 1904 lictor
589 1847 669 1910 tulit:
691 1865 764 1921 euge
778 1849 878 1922 poital
1088 1853 1127 1910 75

183 1926 235 1983 Est
250 1945 337 1996 nunc,
352 1927 458 1983 Briseis
472 1944 557 2000 quern
572 1945 691 1983 venosus
705 1925 871 1998 liberdum,

143 2007 228 2076 Sunt,
243 2025 313 2080 quos
329 2005 524 2079 Pacuviusque
538 2017 566 2062 et
581 2023 731 2062 verrucosa
749 2019 872 2062 moretur

144 2085 280 2160 Antiopa,
296 2085 426 2140 erumnis
438 2103 485 2140 car
499 2082 678 2159 luctificabile
685 2081 779 2159 fulta.

143 2163 206 2220 Hos
220 2162 315 2239 pueris
330 2163 453 2220 monitus
465 2176 558 2238 patres
572 2162 722 2219 infundere
736 2163 825 2238 lippos

140 2241 244 2303 Quum
259 2242 365 2313 videas,
379 2242 531 2316 quaerisne,
547 2242 624 2298 unde
640 2243 701 2298 haeo
710 2254 822 2317 sartago
836 2241 969 2318 loquendi
1086 2247 1126 2306 80

142 2321 263 2378 Venerit
277 2321 306 2377 in
321 2321 455 2396 linguasl
477 2321 553 2378 unde
568 2321 642 2378 istud
658 2321 793 2392 dedecus,
809 2321 838 2378 in
852 2339 909 2398 quo

142 2399 298 2458 Trossulus
312 2399 432 2458 exsultat
446 2400 496 2456 tibi
511 2419 560 2475 per
574 2400 706 2457 subsellia
722 2399 811 2458 levisl

143 2477 230 2536 Nilne
243 2479 341 2555 pudet,
356 2479 441 2554 capiti
456 2498 512 2536 non
528 2498 608 2553 posse
622 2479 747 2554 pericula
760 2497 833 2537 cano

142 2558 261 2630 Pellere,
275 2559 344 2632 quin
359 2558 484 2634 tepidum
501 2560 554 2614 boc
567 2571 647 2632 optes
660 2559 768 2629 audire,
785 2561 966 2617 uacnuranl

182 2635 241 2693 Fur
255 2656 296 2708 es,
311 2637 350 2693 ait
365 2637 459 2692 Pedio.
503 2637 607 2694 Pedius
621 2637 709 2711 quidl
730 2638 849 2694 crimina
863 2639 933 2695 rasis
1085 2641 1125 2700 85

144 2713 239 2772 Librat
254 2715 283 2772 in
298 2715 459 2772 antithetis:
481 2716 578 2772 doctas
592 2718 718 2791 posuisse
733 2716 836 2791 figuras

141 2793 304 2852 Laudatur:
327 2793 431 2851 bellum
446 2795 518 2852 hoc:
541 2796 595 2852 hoc
610 2795 735 2850 belluml
756 2815 803 2865 an,
819 2796 1068 2866 Romule,cavesl

142 2872 220 2930 Men’
238 2873 367 2931 moveatl
388 2872 490 2948 quippe
505 2886 542 2942 et,
557 2886 653 2930 cantet
667 2874 689 2930 si
705 2875 868 2949 naufragus,
884 2894 975 2932 assem

140 2951 329 3010 Protuleriml
350 2966 457 3023 cantas,
471 2971 559 3026 quum
574 2953 662 3009 sractri
677 2963 704 3008 te
719 2953 748 3008 in
763 2953 843 3008 trabe
857 2953 965 3028 pictum

142 3030 184 3086 Ex
200 3031 317 3089 humero
331 3043 432 3106 portes.
475 3031 593 3101 Verum,
609 3050 664 3087 nec
679 3043 763 3088 nocte
779 3044 906 3106 paratum
1084 3037 1124 3094 uo

141 3109 274 3180 Plorabit,
289 3110 336 3185 qui
352 3129 396 3166 me
412 3110 484 3167 volet
498 3109 661 3166 incurvasse
675 3110 797 3184 querelis.

180 3187 237 3245 Sed
253 3189 379 3246 numeris
392 3189 479 3245 decor
492 3200 536 3245 est
549 3201 577 3245 et
589 3189 723 3265 junctura
737 3188 833 3245 addita
847 3189 951 3247 crudis.

140 3266 316 3324 Claudere'
294 3285 337 3324 sic
351 3286 462 3324 versum
485 3267 593 3339 didicit,
609 3267 814 3342 Berecyntdius
828 3267 934 3325 Attin.-

140 3343 266 3416 13qu
280 3346 425 3403 ceruleum
438 3345 588 3403 dirimebat
602 3346 697 3403 Nerea
711 3347 841 3425 dulplrin:

139 3424 198 3495 Sic,
224 3423 338 3482 Castam
351 3425 434 3499 langa
448 3425 626 3482 subducimus
641 3420 800 3500 Apennino.
1083 3430 1123 3487 95

140 3471 273 3559 .“4νιίια
244 3523 344 3575 aarum,
359 3522 454 3560 nonne
469 3504 523 3560 hoc
537 3523 700 3578 spumosum
715 3515 744 3561 et
758 3505 862 3562 cortice
876 3507 997 3582 pinguil

140 3579 175 3638 Ut
190 3583 294 3638 ramale
309 3594 388 3638 vetus
403 3581 560 3658 pregrandi
575 3584 676 3639 subere
690 3595 813 3640 coetum.

139 3659 308 3719 Quidnam'
301 3661 385 3736 igitur
399 3673 539 3731 tenerum,
553 3673 582 3718 et
595 3661 659 3718 laxi
673 3663 784 3719 cervice
798 3662 972 3758 legenduml

143 3737 240 3794 Torua
254 3737 444 3796 Mimalloneis
458 3739 609 3814 implirunt
622 3759 728 3796 cornua
742 3741 883 3798 bombis:

141 3816 180 3873 ut
195 3826 308 3894 raptum
322 3817 411 3874 vitulo
425 3827 512 3894 ceput
526 3819 660 3875 ablatura
673 3819 790 3894 superbo

140 3895 288 3969 Bassaris,
302 3903 330 3952 et
346 3896 468 3972 Lyncem
483 3896 593 3953 dianas
599 3895 714 3972 flexura
728 3896 864 3971 corymbis
