2666 4310
537 295 661 345 SATIRA
680 296 728 346 lX.

137 435 212 494 Nam
228 455 273 494 res
287 435 430 494 mortifera
444 449 487 494 est
502 438 635 496 inimicus
648 441 762 515 pumice
777 441 854 499 levis.

134 515 196 576 Qui
212 512 297 574 modd
313 528 660 589 secretumcommrserat,
673 521 762 590 ardet,
776 533 805 577 et
818 521 888 592 odit,

134 593 287 669 Tanquam
302 595 483 670 prodiderim,
497 597 633 670 quidquid
648 597 715 654 scio.
759 600 878 658 Sumere
890 598 1005 673 ferrum,

134 673 223 730 Fuste
238 673 346 748 aperire
360 687 455 750 caput,
470 674 618 731 candelam
631 695 774 750 apponere
790 678 887 750 valvis,

135 749 202 810 Non
216 752 335 810 dubitat.
377 751 441 810 Nec
456 765 623 810 contemnas
636 766 685 811 aut
699 755 848 829 despicias,
862 755 940 832 qudd

137 831 192 888 His
205 831 306 906 opibus
320 849 464 905 nunquam
479 851 545 888 cara
558 844 601 888 cst
615 851 729 890 annona
747 836 860 892 veneni.

136 907 213 985 Ergd
224 910 338 968 occulta
351 922 441 986 teges,
456 923 488 968 ut
501 910 581 967 curia
597 909 699 968 Martis
714 913 846 972 Athenis.

136 989 163 1044 Ο
177 988 321 1064 Corydon,
336 987 481 1064 Corydon,
496 1001 637 1046 secretum
653 991 747 1048 divitis
761 992 849 1050 ullum

136 1067 207 1125 Esse
222 1069 325 1144 putasl
352 1068 432 1125 Servi
447 1079 478 1125 ut
491 1079 621 1138 taceant3
640 1069 769 1144 jumenta
784 1071 946 1145 loquuntur,

135 1145 173 1204 Et
187 1147 277 1219 canis,
292 1159 321 1205 et
335 1157 439 1222 postes,
453 1159 482 1204 et
495 1166 642 1205 marmora.
685 1147 795 1206 Claude
811 1151 958 1224 fenestras,

135 1226 209 1283 Vela
222 1237 321 1302 tegant
335 1223 430 1298 rimas,
441 1225 531 1302 junge
544 1227 625 1298 ostia,
640 1227 729 1285 tollito
743 1228 839 1285 lumen

136 1304 162 1361 E
177 1305 272 1362 medio
281 1323 288 1374 ;
298 1303 426 1361 clamant
437 1323 544 1362 omnes.
586 1304 678 1381 Prope
698 1325 782 1364 nemo
796 1308 964 1367 recumbat:

134 1384 224 1445 Quod
238 1395 334 1442 tamen
349 1384 384 1440 ad
399 1396 516 1440 cantum
531 1383 597 1460 galli
613 1385 679 1442 facit
694 1385 741 1442 ille
756 1387 886 1458 secundi,

135 1463 285 1520 Proximus
298 1463 451 1520 antediem
465 1482 556 1538 caupo
569 1463 641 1520 sciet
652 1483 658 1532 ;
681 1465 777 1522 audiet
790 1476 829 1538 et,
843 1484 906 1541 quae

134 1541 293 1600 Finxerunt
306 1543 409 1620 pariter
422 1541 561 1614 librarius,
576 1543 765 1618 archimagiri,

134 1620 294 1696 Carptores.
335 1621 423 1682 Quod
438 1621 514 1678 enim
530 1621 660 1678 dubitant
674 1641 845 1698 componere
859 1623 970 1683 crimen

134 1699 170 1757 ln
185 1700 323 1772 dominos,
333 1700 443 1775 quoties
457 1701 616 1757 rumoribus
631 1700 807 1758 ulciscuntur

134 1777 255 1837 Balteal
296 1779 361 1837 Nec
375 1779 474 1850 deerit,
489 1779 536 1853 qui
551 1791 579 1836 te
592 1799 642 1855 per
656 1781 780 1856 compita
793 1791 901 1854 quaerat

133 1856 298 1932 Nolentem,
313 1870 342 1916 et
356 1859 488 1916 miseram
503 1859 617 1916 vinosus
631 1860 752 1916 inebriet
765 1878 871 1917 aurern.

134 1935 201 1996 Illos
215 1935 283 2014 ergb
298 1957 390 2014 roges,
404 1938 541 2012 quidquid
555 1935 640 2012 paulo
655 1936 721 1995 ante
737 1939 852 2014 petebas

134 2016 162 2072 A
178 2015 259 2074 nobis
310 2015 443 2074 Taceant
457 2016 514 2073 rlli:
535 2018 585 2073 sed
600 2018 720 2092 prodere
735 2018 844 2075 malunt

134 2095 294 2168 Arcanum,
308 2093 395 2171 qudm
409 2096 535 2171 subrepti
550 2107 646 2171 potare
662 2096 786 2168 Falerni,

133 2173 189 2233 Pro
202 2175 306 2251 populo
321 2175 429 2232 faciens
442 2186 579 2250 quantum
594 2175 723 2232 Laufella
737 2175 859 2233 bibebat.

134 2255 295 2312 vivendum
310 2251 387 2312 recte
403 2265 455 2326 est,
469 2251 536 2312 cirin
551 2267 662 2330 propter
678 2255 807 2330 plurima,
822 2267 883 2312 turn
897 2255 942 2314 his

131 2331 280 2410 Praecipue
294 2333 399 2405 causis,
414 2345 445 2392 ut
458 2334 570 2410 linguas
584 2335 788 2409 mancipiorum

131 2412 324 2471 Contemnes:
345 2431 412 2470 nam
426 2413 525 2489 lingua
539 2413 605 2470 mali
616 2433 680 2488 pars
694 2413 817 2489 pessima
830 2413 911 2473 servi.

131 2491 264 2551 Deterior
275 2504 371 2550 tamen
386 2492 443 2564 hic,
458 2491 505 2566 qui
521 2491 591 2550 liber
606 2511 662 2549 non
677 2493 731 2550 erit
744 2493 809 2565 illis,

130 2571 265 2633 Quorum
279 2571 388 2628 animas
402 2584 431 2629 et
445 2571 517 2628 farre
531 2589 583 2629 suo
597 2573 721 2630 custodit
734 2584 764 2629 et
778 2591 842 2630 aere.

172 2649 286 2708 Idcirco
297 2661 329 2707 ut
338 2650 443 2726 possim
457 2650 585 2726 linguam
600 2663 782 2708 contemnere
797 2651 880 2725 servi,

133 2729 208 2788 Utile
224 2729 374 2788 consilium
389 2727 484 2802 modi),
499 2731 549 2786 scd
564 2748 725 2801 commune,
740 2731 862 2788 dedisti:

131 2809 220 2868 Nunc
234 2809 304 2866 mihi
318 2809 386 2885 quid
400 2809 502 2866 suades
515 2821 578 2884 post
592 2809 728 2866 damnum
743 2810 887 2885 temporis,
901 2821 930 2869 et
945 2829 1011 2887 spes
1063 2813 1119 2872 100

131 2888 297 2966 Deceptasl
339 2887 468 2947 Festinat
481 2887 560 2945 enim
575 2890 726 2945 decurrere
742 2889 822 2946 velox

131 2967 293 3040 Flosculus,
308 2978 436 3043 angustae
453 2967 617 3042 miseraque
629 2967 793 3024 brevissima
806 2968 869 3024 vitae

130 3048 246 3106 Porti0:
267 3046 336 3103 dum
351 3045 485 3119 bibimus,
500 3047 569 3102 dum
583 3059 668 3118 serta,
684 3058 840 3122 unguenta,
854 3047 962 3123 puellas

132 3127 291 3198 Posoimus,
305 3125 416 3201 obrepit
429 3145 486 3182 non
503 3125 647 3182 intellecta
661 3137 801 3182 senectus.

132 3205 178 3264 Ne
194 3205 323 3282 trepida:
344 3223 490 3280 nunquam
504 3205 636 3280 pathicus
650 3205 701 3262 tibi
717 3205 807 3262 deerit
821 3205 942 3278 amicus,
1064 3209 1120 3267 105

131 3285 279 3344 Stantibus
294 3295 323 3342 et
337 3283 421 3340 salvis
435 3285 479 3340 his
492 3283 612 3340 collibus
624 3303 631 3352 ;
654 3284 779 3358 undique
794 3285 829 3341 ad
845 3285 908 3343 illos

130 3364 322 3436 Conuenient,
336 3374 365 3420 et
378 3363 521 3438 carpentis
535 3373 564 3418 et
577 3361 706 3434 navibus,
720 3381 829 3436 omnes,

129 3443 192 3505 Qui
207 3443 298 3519 digito
312 3440 443 3518 scalpunt
457 3460 515 3498 uno
528 3452 622 3516 caput.
665 3441 766 3498 Altera
780 3442 870 3518 major

130 3523 202 3598 Spes
216 3531 361 3598 superest:
382 3531 413 3578 tu
426 3518 537 3577 tantbm
552 3521 646 3577 erucis
660 3521 791 3595 imprime
806 3522 930 3579 dentem.

131 3601 204 3658 Haec
218 3600 349 3675 exempla
361 3618 431 3674 para
445 3599 592 3656 felicibus:
616 3609 644 3655 at
658 3618 723 3655 mea
737 3599 841 3656 Clotho
1063 3601 1119 3658 110

131 3681 167 3738 Et
178 3679 317 3738 Lachesis
331 3678 468 3753 gaudent,
483 3677 507 3734 si
521 3678 647 3752 pascitur
661 3678 779 3752 inguine
794 3689 891 3736 venter

129 3759 259 3836 Oparvi,
274 3757 419 3831 nostrique
434 3757 533 3827 Lares,
547 3775 618 3830 quos
632 3757 715 3812 thure
730 3758 850 3830 minuto,

133 3841 190 3898 Aut
201 3839 284 3903 farre.
298 3846 327 3893 et
341 3835 420 3893 tenui
435 3837 513 3894 soleo
526 3853 643 3893 exorare
654 3835 770 3907 corona,
