2652 4308
199 260 253 319 lm
432 259 462 308 Α.
481 257 592 306 PERSll
610 257 732 308 relect
750 258 875 308 SATlRA
893 259 929 308 vt

193 401 268 460 (lssa
282 400 399 458 inodora
412 399 501 473 dabit,
515 419 565 458 seu
580 401 687 477 spirent
700 403 834 460 cinnama
848 402 974 474 surdum,

194 481 251 538 Seu
267 500 364 538 ceraso
378 493 499 554 peccent
512 483 607 552 casira,
623 483 735 538 nescire
749 493 870 556 paratus.

193 559 280 616 ‘l'une
295 559 368 616 bona
384 557 533 616 incolumis
547 561 659 616 minuas
669 562 687 616 l‘
730 559 768 617 Et
781 559 894 618 Bestius
909 569 990 634 urget

197 637 332 694 Doctores
345 638 463 694 Graios:
486 637 551 695 ‘lta
566 637 605 708 fit,
620 651 766 713 postquam
780 657 879 714 sapere
891 637 959 694 Urbi

194 717 268 772 Cum
283 715 378 792 pipere
392 729 420 772 et
434 715 533 790 palmis
548 718 623 772 veuit
637 731 759 774 vestrum
774 717 831 774 hoc
844 716 930 774 maris
942 735 1061 792 expers:

195 793 351 851 Foenisecae
365 813 460 852 crasso
472 796 606 852 vitiarunt
621 795 746 870 unguine
760 796 871 871 pultes.¹

197 873 266 930 llaec
279 873 376 930 cinere
391 874 505 930 ulterior
519 875 651 932 metuasl
671 884 701 932 at
713 885 754 944 tu,
768 893 849 932 meus
863 874 952 931 lraeres

192 952 331 1026 Quisquis
344 953 409 1024 eris,
424 949 540 1028 paulirm
555 973 571 1008 a
585 953 668 1020 turba
682 953 824 1010 seductior
839 953 914 1010 audi.

193 1030 221 1087 0
236 1031 317 1102 bone,
332 1050 399 1087 num
414 1031 547 1108 ignorasl
568 1033 653 1088 missa
666 1044 709 1088 eat
722 1051 739 1088 a
753 1031 867 1088 Caesare
880 1032 976 1088 laurus

194 1109 339 1185 Insignem
353 1111 390 1167 ob
403 1111 514 1168 cladem
527 1111 678 1168 Germanae
692 1109 785 1184 pubis,
799 1120 828 1166 et
842 1111 897 1166 aris

194 1188 326 1264 Frigidus
339 1190 480 1246 excutitur
494 1190 585 1246 cinis:
607 1207 641 1246 ac
652 1189 710 1263 jam
724 1189 851 1263 postibus
864 1209 952 1261 arma,

193 1267 210 1324 J
213 1287 258 1324 am
273 1267 437 1342 chlamydes
451 1287 561 1343 regum,
573 1268 631 1342 jani
645 1267 722 1324 lutea
735 1286 861 1342 gausapa
875 1269 975 1343 captis,

193 1345 365 1421 Essedaque,
380 1347 565 1422 ingentesque
575 1348 650 1404 locat
663 1346 794 1402 Caesonia
805 1347 933 1405 Rhenos

193 1424 246 1481 Dis
261 1425 346 1500 igitur
360 1426 500 1500 genioque
515 1427 597 1482 ducis
607 1437 722 1482 centum
738 1425 825 1500 paria,
839 1425 876 1482 ob
889 1445 935 1483 res

194 1501 316 1579 Egregie
331 1515 434 1579 gestas,
450 1505 562 1562 induco.
603 1503 680 1564 Quis
694 1505 788 1560 vetatl
809 1505 892 1562 aude.

193 1583 255 1653 Vae,
271 1583 324 1639 nisi
338 1583 491 1640 connives!
533 1583 637 1640 Oleum
653 1596 849 1658 artocreasque
863 1583 973 1658 popello

193 1661 317 1737 Largior.
359 1662 406 1718 An
421 1663 575 1738 prohibesl
595 1663 643 1718 dic
656 1659 742 1720 clare.
784 1661 851 1718 Non
866 1663 947 1734 adeo,
958 1662 1052 1738 inquis

192 1738 346 1797 Exossatus
361 1760 428 1816 ager
439 1739 520 1816 juxti
535 1753 586 1799 est.
628 1742 703 1816 Age,
718 1741 742 1797 si
757 1740 826 1798 mihi
840 1741 921 1798 nulla

192 1818 209 1874 J
212 1839 255 1875 am
272 1819 378 1893 reliqua
390 1839 426 1877 ex
440 1821 542 1892 amitis,
556 1819 691 1895 patruelis
704 1819 792 1890 nulla,
806 1821 948 1896 proneptis

192 1897 278 1954 Nulla
293 1910 388 1955 manet
402 1899 503 1974 patrui,
519 1899 622 1957 sterilis
635 1911 784 1956 matertera
799 1899 876 1968 vixit,

192 1976 291 2051 Deque
305 1977 367 2033 avial
381 1978 500 2034 nihilum
516 1989 661 2053 superest·
683 1978 790 2034 accedo
804 1977 936 2049 Bovillas,
1138 1979 1181 2038 55

191 2056 358 2130 Clivumque
373 2057 408 2112 ad
424 2056 524 2114 Virbi:
545 2068 647 2132 presto
659 2066 703 2112 est
716 2057 786 2112 mihi
801 2055 915 2113 Manius
929 2057 1029 2114 haeres

192 2133 368 2209 ‘Progenies
382 2137 487 2192 terrael'
509 2135 616 2196 Quaere
630 2155 665 2192 ex
680 2154 725 2192 me
728 2135 812 2208 ,quis
825 2135 894 2192 milti
907 2147 1023 2225 quartus

192 2213 236 2268 Sit
249 2225 345 2287 pater:
368 2214 441 2270 haud
457 2211 596 2289 prompte,
610 2215 703 2270 dicam
719 2225 822 2272 tamen.
864 2213 949 2270 Adde
962 2215 1049 2272 etiam
1063 2233 1166 2288 uuum,

193 2291 286 2348 Unum
301 2292 402 2348 etiam:
424 2304 504 2349 terrae
519 2304 562 2349 est
573 2292 630 2366 jam
647 2293 740 2350 lilius:
761 2293 872 2350 etmihi
887 2293 941 2350 ritu

192 2369 306 2426 Manius
320 2370 366 2426 hic
379 2373 492 2446 generis
506 2390 592 2446 prope
608 2372 694 2446 major
709 2371 866 2428 avunculus
878 2371 944 2430 exit.
1141 2374 1183 2430 60

191 2449 251 2508 Qui
266 2449 339 2524 prior
353 2468 393 2521 es,
408 2468 458 2506 cur
473 2470 518 2508 me
533 2451 562 2507 in
577 2451 699 2506 decursu
714 2449 843 2525 lampada
857 2450 968 2525 poscisl

192 2529 261 2583 Sum
276 2527 326 2584 tibi
341 2526 520 2586 Mercurius:
541 2529 623 2586 venio
637 2529 708 2584 deus
723 2529 779 2587 lruc
793 2547 856 2603 ego,
873 2540 903 2585 ut
916 2529 963 2586 ille

192 2605 329 2680 Pingitur.
371 2607 419 2662 Αιι
434 2609 551 2664 renuisl
574 2607 627 2664 viri’
644 2620 675 2664 tu
689 2608 813 2681 gaudere
827 2607 952 2666 relictisl

191 2685 303 2741 ‘Deest
316 2684 419 2758 aliquid
435 2705 562 2742 summe.
605 2685 698 2742 Minui
713 2687 801 2742 milri:
823 2687 872 2744 scd
887 2687 938 2742 tibi
952 2697 1040 2744 totum
1055 2703 1108 2758 est,

191 2763 336 2838 Quicquid
353 2765 445 2822 idest
489 2765 544 2822 Ubi
559 2765 603 2835 sit,
621 2765 835 2839 lugequaerere‚
850 2765 924 2838 quod
939 2765 1007 2822 mrlu
1021 2767 1165 2839 quondam

192 2842 312 2918 Legerat
326 2842 454 2902 Tadius.
476 2863 530 2900 nec
544 2811 620 2900 dicia
633 2863 736 2932 repone
751 2855 885 2918 paterna:
1140 2845 1180 2902 66

193 2921 319 2978 Foeneris
333 2923 450 2979 accedat
464 2941 591 2979 merces:
613 2923 680 2980 hinc
691 2922 783 2978 exime
795 2931 932 2996 sumptus.

193 3000 289 3061 'Quid
299 3001 436 3074 reliquum
449 3002 522 3058 estl'
558 3001 732 3075 Reliquuml
747 3019 825 3056 nunc
836 3019 913 3058 nunc
924 2998 1080 3075 impensius
1090 3021 1180 3078 unge,

194 3078 285 3152 Unge‚
300 3098 379 3153 puer,
394 3080 499 3138 caules.
542 3078 616 3139 Mihi
632 3080 703 3136 festa
717 3078 781 3136 luce
795 3090 929 3152 coquatur

193 3156 298 3226 Urtius,
312 3168 341 3216 et
355 3157 420 3214 lissa
435 3159 574 3216 fumosum
588 3158 712 3233 sinciput
726 3155 839 3214 aurel*
851 3155 868 3190 l
880 3156 897 3191 *
909 3156 926 3191 ⁴*
939 3154 957 3190 ⁴
1137 3157 1178 3214 70

231 3235 331 3290 Vende
346 3237 469 3292 animam
483 3237 582 3296 lucro:
604 3255 729 3294 mercare
733 3248 838 3310 ,atque
851 3242 953 3294 excute
968 3235 1055 3294 solere

191 3312 285 3368 Omne
299 3312 371 3368 latus
386 3315 494 3386 mundi,
509 3335 545 3372 ne
560 3315 595 3373 sit
609 3316 782 3390 prestantior
796 3314 866 3372 alter

192 3387 378 3464 Cappadocas
390 3393 520 3466 rigida
494 3413 614 3468 pingues
628 3393 765 3468 plausisse
778 3379 896 3450 catastil.

195 3469 267 3526 Rem
283 3469 405 3543 duplica
447 3469 533 3527 Feci:
551 3491 611 3546 qam
625 3471 757 3546 triplex
748 3491 806 3546 Jam
820 3471 890 3528 mrlu
903 3467 1015 3545 quarto,

192 3546 257 3604 Jam
271 3547 366 3604 decies
380 3548 495 3605 reditio
510 3568 617 3638 rugam
659 3550 809 3625 Depunge‚
823 3550 872 3606 ubi
887 3550 994 3622 sistam,
1140 3549 1181 3606 75

194 3625 337 3698 Inventus,
352 3626 518 3704 Chrysippe,
533 3627 574 3684 tui
588 3628 680 3686 finitor
695 3629 796 3686 acervi.
