2666 4310
190 297 231 354 56
504 297 535 346 D.
558 297 649 346 lUNll
666 298 861 348 JUVENALIS

232 437 384 513 Eloquium
399 457 434 496 ac
446 439 548 497 lamam
565 441 765 498 Demosthenis
778 453 827 500 aut
841 442 990 500 Ciceronis

194 515 297 592 incipit
309 529 415 593 optare,
429 530 459 576 et
472 521 536 576 totis
550 521 780 594 Quinquatribus
793 533 879 596 optat,
1121 524 1177 582 11⁵

191 595 331 671 Quisquis
345 597 439 654 adhuc
453 617 511 655 uno
525 611 631 673 partam
647 600 714 656 colit
726 619 789 656 asse
804 599 972 674 Minervam,

190 674 288 735 Quem
302 675 428 751 sequitur
441 689 537 734 custos
551 691 679 752 angustae
694 680 810 736 vernula
824 697 925 754 capsa.

193 752 312 828 Eloquia
325 756 374 812 sed
388 767 504 829 uterque
517 756 590 832 perit
600 769 711 814 orator:
733 769 882 833 utrumque

191 831 301 908 Largus
314 846 343 891 et
356 835 504 892 exundans
517 835 573 892 leto
588 836 666 893 dedit
680 836 787 912 ingenii
802 837 871 894 lons.

192 909 312 986 Ingenio
325 931 426 970 manus
440 925 483 972 est
495 924 524 970 ot
537 915 632 971 cervix
645 933 735 984 oaesa3
757 935 811 973 nec
826 933 951 992 unquam

191 989 340 1068 Sanguine
354 992 492 1050 causidici
506 994 677 1050 maduerunt
690 1007 779 1052 rostra
792 994 895 1070 pusilli.

190 1067 218 1124 Ο
233 1068 402 1128 fortunatam
416 1083 512 1129 natam
526 1091 572 1128 nra
586 1073 702 1130 consule
717 1073 841 1130 Romam

190 1147 300 1206 Antoni
314 1149 425 1225 gladios
438 1151 530 1226 potuit
544 1161 737 1223 contemnere,
751 1152 775 1209 si
788 1153 832 1209 aio

189 1223 297 1284 Omnia
310 1229 434 1286 dixisset
476 1229 612 1287 Ridenda
624 1234 755 1306 poemata
769 1231 853 1303 malo,

189 1303 289 1364 Quam
304 1318 332 1364 te
346 1307 518 1382 conspicue,
533 1308 629 1365 divina
642 1309 811 1385 Philippica,
827 1309 919 1383 lamas,

191 1383 320 1442 Volveris
334 1405 350 1442 a
364 1386 455 1462 prima
469 1405 532 1462 quae
546 1389 681 1462 proxima.
724 1389 822 1445 Savus
835 1401 865 1447 et
879 1388 958 1446 illum

190 1461 291 1520 Exitus
303 1465 416 1540 eripuit,
430 1485 513 1540 quern
528 1467 702 1523 mirabantur
717 1468 840 1525 Athenae
1089 1525 1092 1534 ,

190 1540 373 1615 Torrentem,
387 1555 415 1600 et
429 1544 505 1620 pleni
520 1545 713 1602 moderantem
728 1546 815 1603 fraena
827 1546 939 1604 theatri.
1000 1595 1016 1608 ψ
1038 1590 1044 1602 ·
1061 1565 1094 1602 o,
1125 1585 1137 1599 a
1152 1567 1187 1601 s·

191 1617 244 1676 Dis
257 1621 305 1678 ille
320 1623 444 1680 adversis
457 1623 581 1698 genitus,
596 1624 708 1699 latoque
722 1625 846 1697 sinistro,

189 1697 286 1759 Quem
301 1713 380 1777 pater
394 1701 519 1758 ardentis
532 1721 632 1759 massae
647 1703 764 1779 iuligine
779 1704 871 1780 lippus

190 1777 217 1832 A
231 1779 365 1851 carbone,
380 1791 409 1837 et
423 1781 584 1856 forcipibus,
598 1782 761 1857 gladiosque
775 1793 891 1859 parante

190 1853 309 1931 lncude,
323 1871 352 1916 et
365 1859 442 1917 luteo
454 1859 586 1918 Vulcano
600 1861 635 1917 ad
648 1861 760 1918 rhetora
774 1863 857 1919 misit.

228 1934 371 1996 Bellorum
386 1938 504 2011 exuvie,
518 1940 627 1996 truncis
642 1940 725 1997 affixa
739 1942 850 2017 tropaeis

49 2043 128 2104 opst„
137 2027 172 2090 ,tl
188 2011 300 2088 Ionica
314 2027 343 2075 et
358 2017 447 2074 fracti
461 2019 496 2076 de
511 2019 622 2075 casside
637 2019 758 2076 buccula
772 2020 911 2096 pendens,

89 2093 92 2100 ’
124 2135 128 2140 -
189 2091 230 2154 Et
244 2108 355 2154 curtum
370 2107 484 2154 temone
495 2097 606 2173 jugum,
621 2098 756 2174 victaque
770 2098 892 2156 triremis

188 2174 334 2253 Aplustre,
348 2186 377 2232 et
391 2194 502 2233 summo
516 2177 601 2233 tristia
615 2177 743 2252 captivus
755 2178 783 2234 in
800 2197 878 2250 arcu,

188 2254 330 2312 Humanis
344 2253 449 2329 majora
463 2255 544 2312 bonis
558 2255 730 2312 creduntur:
752 2257 787 2313 ad
803 2258 864 2313 haeo
877 2275 908 2314 se

187 2333 349 2404 Romanus,
364 2331 532 2408 Graiusque,
547 2351 581 2390 ac
597 2335 731 2391 barbarus
749 2336 936 2410 endoperator

187 2411 304 2480 Erexit;
326 2429 427 2468 causas
441 2411 613 2470 discriminis
627 2425 710 2487 atque
728 2414 832 2471 laboris

187 2487 261 2548 Indd
277 2489 383 2546 habuit.
424 2489 521 2547 Tanto
534 2492 621 2566 major
636 2492 717 2548 farne
731 2493 792 2549 sitis
805 2503 857 2564 est,
871 2491 957 2568 quarn

187 2567 315 2627 Virtutis.
327 2564 345 2622 l·
355 2567 432 2630 Quis
446 2569 523 2626 enirn
540 2570 671 2627 virtutem
686 2571 864 2646 amplectitur
878 2571 978 2647 ipsam,

187 2647 308 2706 Praemia
321 2646 344 2704 ai
359 2646 461 2704 tollasl
496 2647 619 2705 Patriam
633 2659 729 2706 tamen
742 2651 836 2708 obruit
848 2650 916 2707 olim

186 2727 284 2786 Gloria
296 2744 463 2802 paucorum,
477 2737 506 2783 et
519 2727 610 2784 laudis
624 2729 756 2804 titulique
769 2729 875 2804 cupido

187 2805 301 2864 Haesuri
315 2805 390 2862 saxis
403 2805 531 2862 cinerum
545 2807 726 2876 custodibus;
748 2809 782 2864 ad
797 2827 859 2883 quae

187 2885 375 2942 Discutienda
389 2885 482 2941 valent
496 2885 597 2942 sterilis
612 2886 686 2942 mala
700 2887 800 2944 robora
814 2885 904 2944 licita:

185 2963 427 3038 Quandoquidem
441 2964 505 3021 data
520 2974 586 3020 sunt
600 2964 667 3040 ipsis
681 2984 791 3040 quoque
805 2965 861 3022 fata
875 2965 1019 3041 sepulcris.

186 3041 324 3117 Expende
340 3041 553 3100 Hannibalem:
573 3053 640 3118 quot
654 3044 739 3100 libras
755 3045 782 3100 in
797 3045 870 3102 duce
884 3061 996 3102 summo

188 3119 340 3178 Inveniesi
362 3120 409 3177 hic
422 3131 475 3193 est,
490 3139 573 3196 quem
589 3141 646 3178 non
661 3123 737 3198 capit
750 3123 849 3180 Asrioa
863 3121 966 3181 Mauro

188 3199 329 3256 Percussa
343 3197 472 3272 Oceano,
488 3200 612 3274 Niloque
627 3202 740 3258 admota
751 3201 867 3277 tepenti,

188 3277 300 3336 Rursus
315 3278 351 3335 ad
366 3277 532 3354 AEthiopum
547 3279 673 3354 populos,
689 3280 814 3355 altosque
827 3280 1002 3357 elephantos.

189 3357 314 3413 Additur
329 3356 454 3432 imperiis
469 3357 628 3433 Hispania:
650 3359 816 3434 Pyrenaeum

188 3434 350 3492 Transsilit.
391 3434 533 3512 Opposuit
546 3436 647 3494 natura
662 3437 820 3512 Alpemque
835 3437 1004 3514 nivemquet

186 3513 305 3571 Diducit
319 3515 458 3590 scopulos,
473 3526 502 3572 et
516 3528 640 3572 rnontem
655 3517 759 3592 rumpit
773 3528 862 3573 aceto.

186 3591 251 3650 Jarn
267 3604 345 3650 tenet
359 3591 486 3651 ltaliam:
508 3605 603 3651 tamen
628 3592 701 3652 ultra
715 3613 833 3670 pergere
847 3595 946 3653 tendit.

187 3672 304 3743 Actum,
319 3671 418 3747 inquit,
432 3673 502 3730 nihil
518 3684 570 3744 est,
585 3674 640 3731 nisi
655 3673 744 3730 Poeno
758 3674 846 3730 milite
861 3686 954 3750 portas

186 3750 366 3826 Frangimus,
380 3763 409 3809 et
422 3753 517 3809 medici
531 3753 662 3809 vexillum
676 3771 751 3826 pono
766 3753 888 3810 Suburri.

186 3829 214 3887 O
227 3830 318 3906 qualis
332 3830 429 3892 facies.
443 3843 472 3888 et
484 3832 561 3907 quali
572 3833 660 3908 digua
673 3831 788 3903 tabella,

65 2221 87 2269 ἱ
