2666 4310
563 274 686 322 SATlRA
704 273 752 322 111.
1128 273 1150 332 9

165 415 283 495 (Omnis
290 415 367 474 enim
374 416 479 494 populo
487 417 646 474 mercedem
660 417 785 492 pendere
796 417 874 492 jussa
887 426 932 475 en
1112 417 1149 476 15

166 498 268 568 Arbor,
282 508 311 554 et
324 496 422 572 ejectis
436 497 581 553 mendicat
594 497 661 552 silva
677 496 836 574 Camoenis)

166 575 200 632 ln
215 577 316 632 vallem
332 575 443 650 Egeriae
458 575 668 645 descendimus,
683 585 711 631 et
723 575 872 650 speluncas

166 655 325 712 Dissimiles
339 655 419 710 veris.
460 651 580 718 Quanto
595 655 772 728 prestantius
786 665 861 710 esset

166 733 282 790 Numen
297 752 385 808 aquae,
400 733 480 788 viridi
496 733 519 788 si
533 733 660 806 margine
675 733 821 790 clauderet
842 733 933 789 undas

166 811 274 884 Herba,
290 831 345 868 nec
357 813 513 886 ingenuum
529 811 664 868 violarent
678 830 817 868 marmora
830 813 947 887 tophum
960 811 971 868 l

167 891 225 947 Hic
238 903 307 948 tunc
322 889 494 960 Umbricius,
509 889 637 950 Quando
651 890 766 961 artibus,
783 889 882 964 inquit,
897 888 1023 948 honestis

166 969 271 1026 Nullus
284 969 315 1026 in
326 967 406 1040 ,Urbe
420 969 509 1040 locus,
524 969 602 1026 nulla
615 968 806 1026 emolumenta
821 969 958 1040 laborum,

166 1047 228 1105 Res
242 1049 326 1106 hodie
340 1048 431 1104 minor
445 1060 497 1118 est,
512 1045 579 1104 here
594 1045 679 1122 qulam
694 1047 756 1118 suit,
771 1059 855 1122 atque
868 1047 970 1105 eadem
983 1065 1047 1106 cras

166 1127 284 1186 Deteret
297 1127 408 1202 exiguis
422 1126 527 1200 aliquid
541 1145 547 1183 :
569 1126 752 1202 proponimus
767 1126 834 1184 illuc

166 1204 223 1278 Ire,
238 1206 369 1282 fatigatas
383 1205 432 1261 ubi
447 1204 582 1261 Daedalus
596 1205 673 1262 exuit
687 1205 755 1276 alas,

166 1285 243 1342 Dum
258 1305 330 1343 nova
344 1284 474 1354 canities,
488 1284 557 1340 dum
571 1285 662 1358 prima
675 1295 704 1340 et
718 1293 795 1340 recta
809 1295 952 1356 senectus,

166 1364 244 1421 Dum
257 1374 384 1440 superest
398 1363 530 1433 Lachesi,
544 1363 618 1436 quod
632 1373 769 1437 torqueat,
784 1374 812 1419 et
825 1364 945 1438 pedibus
959 1380 1005 1420 me

166 1443 251 1500 Porto
265 1442 346 1514 meis,
362 1441 440 1498 nullo
453 1442 581 1498 dextram
596 1443 736 1498 subeunte
752 1441 862 1500 bacillo.

165 1523 311 1580 Cedamus
323 1519 430 1597 patria:
451 1520 544 1576 vivant
558 1521 688 1577 Artorius
702 1519 766 1576 istic

166 1601 204 1658 Et
217 1601 353 1658 Catulus:
375 1610 517 1671 maneant,
531 1598 578 1673 qui
594 1599 706 1674 nigrum
721 1599 750 1656 in
765 1599 887 1658 candida
909 1610 1031 1673 vertunt,
1110 1601 1118 1626 ‘

165 1680 242 1743 Quis
257 1679 340 1737 facile
353 1689 396 1736 est
408 1680 496 1734 aedem
512 1679 684 1748 conducere,
699 1677 827 1749 flumina,
839 1690 947 1754 portus,
974 1711 976 1714 ·

166 1758 338 1816 Siccaudam
352 1757 483 1828 eluviem,
497 1757 666 1832 portandum
682 1757 717 1813 ad
733 1757 813 1814 busta
827 1759 957 1831 cadaver,

165 1838 204 1896 Et
217 1838 342 1914 praebere
356 1847 441 1912 caput
454 1836 569 1907 dominia
584 1836 682 1892 venale
696 1836 749 1891 sub
764 1835 852 1894 hasta.
928 1833 931 1838 ’

164 1917 319 1979 Quondam
334 1915 363 1972 hi
379 1914 547 1986 cornicines,
561 1925 589 1972 et
603 1913 783 1988 municipalis
797 1934 890 1972 arenas

148 2039 151 2045 r
167 1995 298 2072 Perpetui
311 1995 438 2064 comites,
453 2005 581 2068 notaeque
595 2012 645 2068 per
658 1993 762 2067 oppida
776 1993 884 2066 buccae,

166 2074 289 2132 Munera
302 2093 380 2130 nunc
393 2074 493 2144 edunt,
504 2085 533 2130 et
547 2091 627 2129 verso
640 2071 743 2146 pollice
758 2073 833 2148 vulgi

164 2154 263 2216 Quem
275 2153 343 2210 libet
356 2153 492 2209 occidunt
505 2151 691 2228 populariter:
713 2151 779 2208 inde
794 2152 898 2209 reversi

165 2234 339 2291 Conducunt
353 2231 471 2299 foricas;
500 2240 530 2286 et
550 2247 602 2287 cur
621 2249 678 2286 non
692 2231 808 2288 omnial
829 2250 917 2306 quum
931 2229 998 2302 siut,

164 2311 275 2374 Quales
288 2331 323 2368 ex
338 2310 437 2367 humili
451 2327 553 2384 magna
568 2310 603 2367 ad
618 2309 729 2384 fastigia
742 2329 836 2367 rerum

166 2391 292 2462 Extollit,
305 2389 415 2466 quoties
429 2388 515 2446 voluit
530 2387 656 2445 Fortuna
667 2389 764 2464 jocari.

163 2471 245 2533 Quid
260 2470 361 2526 Romae
376 2468 498 2525 faciaml
520 2468 631 2524 mentiri
648 2469 762 2525 nescio:
783 2467 896 2540 librum,

165 2551 196 2608 Si
212 2549 366 2619 natusest,
381 2565 491 2621 nequeo
505 2546 619 2603 laudare
633 2559 661 2602 et
675 2567 808 2622 poscere:
830 2560 924 2605 motus

165 2631 314 2686 Astrorum
329 2628 428 2702 ignoro
443 2645 450 2683 ι
473 2625 557 2684 sunus
571 2627 733 2701 promittere
746 2626 832 2700 patris

166 2706 230 2766 Nec
244 2707 316 2779 volo,
331 2725 385 2762 nec
398 2723 530 2781 possum:
551 2725 683 2762 ranarum
698 2705 804 2762 viscera
819 2723 964 2778 nunquam

165 2786 289 2863 lnspexi.
307 2856 310 2863 Ι
331 2784 420 2842 Ferre
432 2784 468 2840 ad
482 2796 609 2858 nuptam,
622 2801 685 2858 quae
697 2784 781 2841 mittit
793 2785 911 2856 adulter,

164 2866 240 2929 Quae
255 2864 379 2936 mandat,
393 2861 499 2920 ndruut
518 2862 583 2920 alii:
611 2881 656 2918 me
675 2867 760 2920 nemo
776 2861 904 2921 ministro

164 2945 223 3002 Fur
236 2944 299 3016 erit,
314 2954 397 3018 atque
413 2942 476 2998 ideo
491 2941 559 2998 nulli
574 2961 670 2998 comes
683 2961 763 3012 exeo,
778 2953 911 3015 tanquam

165 3022 297 3094 Manciae,
311 3035 339 3079 et
352 3021 498 3078 exstinctae
512 3038 615 3094 corpus
629 3039 685 3077 non
701 3021 768 3076 utile
782 3020 896 3076 dextrae.

163 3103 240 3166 Quis
254 3121 332 3160 nunc
346 3099 483 3175 diligitur,
497 3099 552 3156 nisi
566 3099 709 3170 conscius,
724 3111 752 3155 et
765 3100 812 3154 cui
828 3099 938 3156 fervens

165 3183 279 3240 AEstuat
291 3179 412 3238 occultis
426 3178 548 3248 animus,
562 3197 727 3253 semperque
742 3177 892 3235 tacendisl

163 3261 213 3319 Nil
227 3261 279 3319 tibi
294 3279 324 3316 se
338 3258 441 3314 debere
455 3268 543 3332 putat,
558 3257 598 3313 nil
609 3257 736 3314 conferet
750 3275 885 3332 unquam,

164 3340 336 3414 Participem
351 3337 399 3412 qui
413 3347 442 3394 te
456 3334 557 3392 secreti
572 3336 640 3392 iecit
654 3335 773 3393 honesti.

165 3419 259 3476 Carus
274 3417 327 3474 erit
341 3416 434 3487 Verri,
448 3415 495 3490 qui
510 3415 628 3471 Verrem
641 3426 777 3490 tempore,
790 3433 846 3489 quo
860 3413 929 3486 vult,

165 3499 313 3556 Accusare
327 3505 427 3571 potest.
468 3493 558 3550 Tanti
572 3493 623 3549 tibi
635 3513 690 3550 non
706 3495 742 3550 sit
751 3494 833 3568 opaci

163 3577 267 3635 Omnis
281 3593 367 3632 arena
380 3572 466 3648 Tagi,
481 3572 610 3647 quodque
625 3571 653 3628 in
669 3591 746 3628 mare
761 3572 877 3629 volvitur
888 3590 1000 3644 aurum,

164 3657 201 3714 Ut
215 3673 315 3712 somno
329 3671 437 3723 careas,
450 3651 638 3726 ponendaque
652 3651 768 3726 praemia
781 3669 876 3708 sumus

164 3733 278 3805 Tristia,
292 3743 321 3790 et
335 3751 351 3788 a
365 3750 468 3806 magno
483 3748 593 3804 semper
608 3731 734 3788 timearis
748 3731 849 3788 amico.

201 3814 278 3877 Qua
292 3829 370 3868 nunc
380 3810 515 3868 divitibus
530 3826 601 3883 gens
615 3808 814 3885 acceptissima
829 3807 941 3880 uostris,
