2666 4310
603 252 725 300 sarran
744 251 791 300 ιιι.
1147 254 1186 311 ep

213 393 322 452 AElmula
336 392 449 450 Picenis
463 405 492 451 et
504 394 598 451 odoris
612 395 685 450 mala
700 407 831 467 recentm,

210 472 271 529 Neo
286 473 438 530 metuenda
451 473 511 544 tibi,
526 473 662 529 siccatum
679 473 781 548 frigore
795 483 940 563 postquam
1149 473 1187 530 75

81 617 84 625 s
102 581 106 594 ·
208 553 386 608 Autumnum
400 563 429 608 et
442 520 523 608 crudi
537 550 656 626 posuere
671 553 796 626 pericula
810 553 897 609 succi.
930 577 949 614 a

208 630 280 686 llaec
294 629 362 686 olim
378 631 464 687 nostri
476 631 534 706 jam
549 631 692 686 luxuriosa
706 631 821 687 senatris

207 708 298 765 Coeua
314 709 373 764 fuit.
415 709 522 765 Curius
525 728 631 783 parvo
644 727 706 780 quae
720 709 826 784 legerat
840 710 978 781 horto
977 703 1050 757 ff·
1114 681 1173 754 dii

208 786 273 864 lpse
286 787 355 844 focis
369 786 499 843 brevibus
508 788 634 882 ponebat
649 788 775 844 oluscula
778 807 861 862 ,quae
876 807 953 845 nuuc

208 864 381 941 Squalidus
374 884 402 921 ιιι
418 885 521 940 magna
508 865 640 922 fastidit
653 866 789 940 compede
802 867 900 938 fossor,
1149 867 1188 926 Sd

207 944 268 1005 Qui
284 943 421 1015 meminit,
436 944 535 1000 calidae
550 944 639 1019 sapiat
652 943 719 1018 quid
734 944 815 1002 vulva
829 945 948 1021 popinae.

208 1023 285 1079 Sicci
300 1034 379 1098 terga
393 1023 461 1094 suis,
475 1023 538 1079 rard
551 1022 704 1098 pendentia
718 1033 804 1094 crate,

208 1100 297 1158 Moris
310 1113 370 1158 erat
383 1102 524 1176 quondam
540 1101 617 1157 festis
631 1119 741 1158 servare
753 1102 863 1174 diebus,

207 1179 245 1238 Et
259 1180 416 1237 natalitium
431 1176 559 1256 cognatis
572 1199 677 1254 ponere
691 1179 811 1252 lardum,

208 1259 375 1316 Accedente
389 1258 471 1329 novit,
487 1259 608 1333 siquam
623 1258 708 1316 dabat
722 1259 822 1331 hostia,
836 1277 932 1318 carne.
950 1281 1018 1324 ectr
1035 1288 1051 1322 μ
1149 1261 1190 1318 85

207 1337 400 1414 Cognatorum
415 1337 523 1412 aliquis,
538 1337 620 1394 titulo
633 1348 675 1393 ter
688 1337 823 1409 consulis,
837 1351 921 1414 atque

208 1415 373 1473 Castrorum
385 1416 510 1490 imperiis
524 1428 553 1472 et
567 1416 711 1474 dictatoris
724 1418 830 1474 honore

209 1493 347 1566 Functus,
362 1495 395 1552 ad
412 1495 462 1550 has
472 1495 569 1570 epulas
580 1495 661 1551 solito
675 1493 812 1552 maturius
827 1495 894 1567 ibat,

208 1572 343 1630 Erectum
357 1574 462 1630 domito
473 1574 597 1630 referens
611 1585 733 1630 amonte
747 1574 879 1649 ligonem.

207 1651 308 1713 Quum
323 1663 475 1708 tremerent
489 1664 583 1709 autem
599 1651 713 1723 Fabios,
727 1653 885 1728 durumque
899 1653 1050 1725 Catonem,

208 1729 245 1787 Et
259 1732 390 1802 Scauros,
401 1742 429 1787 et
444 1729 597 1801 fabricios
609 1728 749 1804 postremo
763 1750 875 1788 severos

209 1809 345 1866 Censoris
359 1829 451 1866 mores
464 1809 549 1866 etiam
564 1809 673 1884 collega
688 1811 814 1878 timeret;

208 1887 302 1944 Nemo
315 1888 388 1946 inter
402 1907 484 1946 curas
498 1899 527 1945 et
540 1889 613 1944 s'eria
626 1888 706 1944 duxit
720 1888 882 1945 habendum

207 1966 332 2026 Qualis
325 1987 354 2024 ιιι
368 1985 468 2024 oceani
462 1966 567 2022 'fluctu
583 1967 694 2024 testudo
708 1977 827 2038 nataret,

209 2045 326 2117 Clarum
340 2045 513 2121 Troiugenis
528 2045 635 2101 factura
649 2064 682 2100 ac
696 2045 789 2102 nobile
804 2013 925 2102 ftilcrum

208 2124 265 2180 Sed
281 2125 358 2182 nudo
372 2125 458 2181 latere
472 2134 500 2180 et
513 2123 605 2198 parvis
616 2123 691 2180 frons
706 2143 779 2180 aerea
792 2123 873 2181 lectis

211 2203 272 2260 Vile
287 2203 412 2260 coronati
427 2214 512 2278 caput
525 2202 692 2260 ostendebat
707 2203 795 2274 aselli,

208 2281 255 2338 Ad
269 2283 343 2356 quod
358 2281 455 2339 lascivi
470 2282 605 2340 ludebant
618 2282 690 2338 ruris
704 2249 819 2338 alumrii.

208 2358 295 2417 Tales
309 2359 377 2437 ergd
391 2361 457 2431 cibi,
472 2361 561 2435 qualis
575 2360 675 2416 domus
689 2371 772 2434 atque
789 2361 923 2435 supellex.

208 2437 295 2496 'I'uno
308 2439 386 2496 rudis
399 2451 428 2497 et
441 2439 541 2496 Graias
555 2439 648 2495 mirari
663 2441 776 2496 nescius
790 2451 873 2510 artes,

124 2521 132 2530 “
207 2517 331 2575 Urbibus
345 2519 631 2594 eversisffiraedarum
646 2517 675 2575 in
690 2529 768 2592 parte
783 2518 893 2594 reperti

207 2595 378 2672 Magnorum
392 2597 532 2655 artificum
546 2597 693 2672 frangebat
706 2597 806 2672 pocula
821 2597 911 2669 miles,

207 2673 245 2732 Ut
258 2676 381 2751 phaleris
395 2677 531 2752 gauderet
544 2695 642 2750 equus,
656 2676 809 2750 caelataque
824 2677 911 2733 cassis

185 2753 356 2826 ,Romuleae
372 2755 523 2812 simulacra
537 2755 602 2810 ferae
618 2773 815 2812 mansuescere
826 2753 911 2829 jussae

208 2833 322 2909 lmperii
337 2834 403 2905 fato,
418 2835 546 2910 geminos
560 2833 613 2889 sub
627 2851 696 2908 rupe
710 2832 858 2903 Quirinos,

207 2913 253 2970 Ac
266 2913 372 2969 nudam
386 2913 509 2988 effigiem
523 2911 622 2987 clypeo
637 2911 774 2968 venientis
788 2923 816 2967 et
831 2910 911 2968 hasti

207 2992 416 3067 Pendeutisque
430 2991 486 3063 dei,
500 2990 623 3066 perituro
636 2991 799 3046 ostenderet
813 2989 896 3063 hosti.

207 3071 329 3146 Argenti
339 3071 412 3144 quod
428 3081 497 3140 erat,
512 3069 577 3126 solis
592 3069 717 3143 fulgebat
731 3068 759 3124 in
775 3068 870 3124 armis.

206 3148 355 3206 Ponebant
366 3149 451 3224 igitur
466 3147 565 3204 Tusco
580 3147 682 3204 farrata
695 3147 791 3204 catino

207 3228 312 3285 Omnia
326 3238 404 3299 tuno,
419 3227 520 3302 quibus
535 3225 669 3296 invideas,
684 3225 707 3281 si
722 3225 853 3282 lividulus
867 3225 913 3282 sis.

212 3305 393 3382 I'emplorum
407 3323 517 3380 quoque
529 3304 659 3379 majestas
673 3304 845 3379 praesentior,
856 3315 885 3362 et
898 3322 951 3362 vox

209 3384 299 3442 Nocte
315 3383 373 3441 ferd
388 3385 492 3455 medid,
506 3384 683 3456 mediamque
698 3384 794 3440 audita
808 3401 857 3458 per
873 3383 988 3455 Urbem,

210 3463 314 3522 Lrttore
330 3464 365 3520 ab
379 3462 489 3520 Oceani
500 3462 590 3518 Gallis
605 3462 792 3533 venientibus,
806 3473 835 3518 et
846 3461 891 3518 dia

209 3542 343 3600 Officium
358 3543 427 3598 vatis
441 3540 651 3617 peragentibus,
667 3540 710 3597 his
724 3541 834 3598 monuit
849 3560 910 3598 nos.

211 3621 293 3678 Hanc
307 3622 391 3678 rebus
405 3620 494 3677 Latiis
508 3638 605 3675 curam
620 3629 750 3694 praestare
765 3619 873 3676 solebat

209 3699 317 3767 Fictilis
331 3711 359 3756 et
373 3699 450 3756 nullo
464 3698 582 3755 violatus
593 3697 704 3772 Jupiter
719 3717 796 3754 auro.
812 3735 815 3744 ι

210 3776 261 3836 llla
274 3778 350 3836 dorni
365 3790 445 3834 natas
459 3778 609 3852 nostrsique
624 3796 659 3834 ex
673 3777 770 3834 arbore
785 3795 899 3833 mensas
993 3801 994 3805 ¹
