2666 4310
154 282 188 343 18
462 283 494 332 D.
511 283 608 332 JUNll
626 283 823 334 invertitis

150 423 212 484 Nec
227 425 325 484 melior
338 424 426 497 vultu,
440 427 568 501 quamvis
582 427 723 502 ignobilis,
738 427 797 486 ibat

150 504 286 576 Rubrius,
300 506 414 562 offense
429 507 530 562 veteris
544 525 608 562 reus
622 519 705 580 atque
720 509 860 580 tacende,

150 582 184 638 Et
197 594 292 640 tamen
307 584 458 658 improbior
473 586 587 642 satiram
602 585 744 642 scribente
758 587 877 644 cinaedo.
1083 587 1136 646 lssb

148 659 277 719 Montani
291 681 402 738 quoque
417 675 513 720 venter
528 665 608 720 adest
619 665 769 722 abdomine
784 667 897 736 tardus;

148 739 184 796 Et
198 743 337 799 matutino
351 743 457 798 sudans
471 743 621 818 Crispinus
637 762 758 816 amomo,

146 817 298 878 Quantirm
313 821 357 877 vix
371 821 499 878 redolent
513 822 570 878 duo
585 822 700 890 suuera;
723 823 822 881 saevior
836 823 885 882 illo

146 896 298 974 Pompeius
312 900 391 956 tenui
403 899 516 976 jugulos
530 900 638 976 aperire
652 920 786 972 susurro;

145 975 192 1048 Et,
206 977 254 1053 qui
269 978 425 1036 vulturibus
439 979 566 1037 servabat
580 981 688 1037 viscera
701 979 799 1053 Dacis,

146 1053 266 1128 Fuscus,
282 1058 441 1115 marmorea
458 1059 610 1116 meditatus
623 1059 722 1136 proelia
736 1061 811 1132 villtl,

145 1133 183 1192 Et
197 1154 264 1192 cum
278 1136 421 1195 mortifero
435 1138 559 1213 prudens
573 1138 698 1196 Veiento
712 1139 835 1213 Catullo,

144 1213 206 1275 Qui
219 1233 365 1290 nunquam
379 1216 444 1273 vise
459 1215 594 1293 flagrabat
607 1235 701 1276 amore
715 1219 824 1294 puellae,

144 1293 261 1351 Grande
276 1307 306 1352 et
319 1295 506 1371 conspicuum
521 1309 617 1353 nostro
629 1317 743 1372 quoque
756 1311 882 1375 tempore
896 1311 1056 1358 monstrum

144 1372 248 1430 Caecus
261 1374 398 1445 adulator,
413 1375 545 1450 dirusque
560 1395 576 1432 a
590 1388 675 1450 ponte
689 1377 810 1449 satelles,
1078 1379 1134 1437 115

145 1450 258 1528 Dignus
272 1453 406 1510 Aricinos
419 1453 467 1528 qui
482 1455 657 1512 mendicaret
670 1455 706 1511 ad
721 1475 798 1528 axes,

145 1530 311 1606 Blandaque
325 1533 441 1588 derexae
452 1533 572 1608 jactaret
586 1534 663 1591 basia
677 1535 781 1592 rhedae.

144 1609 239 1668 Nemo
254 1607 345 1687 magis
359 1611 508 1669 rhombum
522 1613 646 1687 stupuit:
669 1631 735 1670 narn
750 1614 870 1689 plurima
884 1615 956 1673 dixit

144 1688 180 1746 ln
196 1689 296 1746 laevam
311 1710 481 1760 conversus;
504 1701 532 1748 at
546 1692 586 1748 illi
600 1693 699 1749 dextra
709 1692 823 1768 jacebat

144 1768 264 1826 Bellua:
285 1769 327 1826 sic
341 1789 451 1845 pugnas
465 1770 565 1827 Cilicis
578 1771 721 1843 laudabat,
735 1783 764 1828 et
778 1772 861 1845 ictus,

145 1847 181 1904 Et
196 1867 307 1924 pegma,
321 1861 350 1906 et
362 1868 464 1924 pueros
479 1849 544 1906 inde
558 1851 594 1906 ad
609 1851 713 1907 velaria
726 1863 826 1927 raptos.

145 1926 211 1984 Non
225 1929 301 1985 cedit
315 1928 456 1986 Veiento:
477 1929 537 2000 sed,
552 1941 583 1986 ut
598 1928 746 2000 fanaticus,
761 1941 846 1989 oestro

146 2005 308 2079 Percussus,
323 2007 451 2080 Bellona,
465 2020 514 2066 tuo
527 2008 644 2079 divinat,
658 2020 696 2080 et,
708 2009 816 2084 Ingens

142 2084 238 2143 Omen
253 2087 351 2159 hobae,
366 2087 464 2163 inquit,
479 2087 576 2162 magni
590 2088 714 2163 clarique
728 2089 878 2165 triumphi:

142 2164 255 2242 Regem
270 2167 391 2241 aliquem
406 2168 510 2244 capies,
525 2178 574 2223 aut
587 2167 623 2224 de
637 2178 749 2224 temone
764 2167 901 2226 Britanno

142 2243 265 2303 Excidet
279 2245 453 2321 Arviragus:
475 2246 623 2321 peregrina
637 2257 681 2303 est
695 2247 804 2304 bellua:
826 2247 920 2304 cernis

142 2322 261 2381 Erectas
275 2324 305 2381 in
319 2334 399 2399 terga
412 2324 520 2381 sudesl
561 2325 626 2382 Hoc
640 2325 730 2382 deluit
744 2345 833 2383 unum

143 2401 284 2474 Fabricio,
298 2403 417 2478 patriam
431 2416 462 2461 ut
476 2403 585 2460 rhombi
599 2417 776 2476 memoraret,
791 2417 820 2463 et
833 2424 922 2462 annos

141 2480 291 2542 Quidnam
306 2483 392 2558 igitur
406 2502 506 2540 censes
519 2482 528 2538 l
549 2483 733 2541 conciditurt
774 2485 860 2541 Absit
874 2501 910 2542 an
923 2483 972 2542 1110

141 2559 276 2618 Dedecus
290 2561 354 2632 hoc,
369 2560 523 2620 Montanus
537 2562 592 2618 ait:
614 2574 686 2620 testa
699 2564 755 2620 alta
769 2575 892 2638 paretur,

140 2638 218 2700 Quae
232 2641 312 2698 tenui
327 2659 408 2698 muro
421 2641 574 2716 spatiosum
589 2641 704 2718 colligat
716 2642 823 2700 orbem.

141 2718 268 2777 Debetur
282 2739 404 2796 magnus
418 2721 521 2796 patinae
535 2720 701 2795 subitusque
715 2720 909 2779 Prometheus.

142 2799 282 2875 Argillam
296 2811 380 2875 atque
395 2810 483 2857 rotam
498 2795 584 2856 citiirs
597 2811 760 2876 properate;
783 2801 832 2856 sed
846 2819 882 2857 ex
896 2801 951 2858 hoc

140 2877 285 2955 Tempore
296 2879 365 2954 jam,
381 2879 486 2950 Caesar,
501 2878 579 2954 figuli
593 2889 642 2934 tua
656 2890 748 2936 castra
761 2890 922 2954 sequantur.

140 2957 218 3015 Vicit
231 2959 319 3034 digna
332 2959 390 3016 viro
403 2960 552 3016 sententia.
594 2957 719 3015 Noverat
733 2957 779 3015 ille

140 3035 294 3094 Luxuriam
309 3038 418 3113 imperii
433 3049 566 3108 veterem,
580 3049 733 3112 noctesque
747 3036 872 3094 Neronis

139 3115 158 3172 J
160 3135 205 3172 am
219 3117 337 3188 medias,
352 3116 492 3192 aliamque
507 3117 620 3185 samem,
632 3135 719 3191 quum
733 3115 830 3190 pulmo
844 3114 969 3173 Falerno

140 3196 271 3252 Arderet.
313 3195 394 3253 Nulli
409 3197 496 3272 major
511 3196 563 3252 fuit
578 3214 645 3251 usus
659 3195 763 3251 edendi

140 3273 323 3350 Tempestate
338 3276 410 3332 med.
452 3275 563 3332 Circeis
576 3286 644 3330 nata
658 3273 758 3345 forent,
773 3292 809 3330 au

140 3352 296 3410 Lucrinum
313 3355 348 3410 ad
369 3373 478 3426 saxum,
493 3353 677 3428 Rutupinove
692 3354 767 3410 edita
781 3351 870 3410 fundo

139 3431 252 3504 Ostrea,
267 3433 388 3490 callebat
401 3433 492 3509 primo
505 3431 682 3508 deprendere
697 3451 808 3500 morsu;

139 3511 177 3569 Et
191 3511 278 3568 semel
293 3513 420 3588 adspecti
432 3512 509 3569 littus
524 3511 638 3568 dicebat
651 3511 756 3568 echini.

139 3592 280 3668 Surgitur,
292 3609 321 3648 et
335 3592 420 3648 misso
434 3611 564 3666 proceres
578 3590 654 3648 exire
674 3589 809 3664 jubentur

139 3671 275 3742 Consilio,
290 3690 361 3746 quos
377 3671 517 3728 Albanam
533 3670 591 3726 dux
605 3687 726 3744 magnus
740 3668 770 3724 in
787 3687 882 3725 arcem

139 3750 279 3808 Traxerat
295 3750 437 3821 attonitos,
452 3760 481 3805 et
495 3749 628 3804 festinare
642 3759 766 3818 coactos,

142 3828 291 3907 'l'auquanr
305 3831 342 3889 de
356 3829 449 3888 Cattis
463 3827 567 3904 aliquid
582 3826 723 3902 torvisque
738 3823 904 3902 Sygambris
