2666 4310
565 252 689 298 suanm
708 251 781 298 xlv.
1127 252 1167 308 75

178 395 317 467 Perfidus,
331 407 360 452 et
375 396 449 471 nigri
465 395 585 470 patietur
599 394 723 450 carceris
737 412 855 463 uncum,
971 406 973 410 '
1110 391 1167 450 245

178 478 236 534 Aut
252 476 336 532 maris
351 475 444 551 AEgaei
460 493 567 550 rupem,
583 473 771 548 scopulosque
787 472 949 546 frequentes

178 553 330 611 Exsulibus
345 554 464 629 magnis.
508 553 596 608 Poerrd
608 552 745 627 gaudebis
761 553 857 608 amarti

178 633 309 690 Nomnns
324 633 415 704 invisi,
430 633 601 706 tandemque
616 630 738 688 fatebere
752 629 843 700 laetus

177 711 242 770 Nec
256 717 373 769 surdum
388 731 443 770 aec
458 711 600 770 Tiresiam
614 728 775 784 quenquam
790 729 853 768 esse
867 710 994 768 deorum.

543 1027 702 1086 SATIRA
717 1027 800 1086 XIV.

218 1187 358 1246 Ptunrun
371 1199 447 1258 sunt,
463 1185 598 1259 Fusciue,
613 1199 642 1246 et
658 1187 732 1246 fama
746 1187 834 1263 digna
848 1186 974 1259 sinistri,

178 1266 216 1325 Et
230 1267 329 1324 nitidis
343 1266 483 1324 maculam
499 1267 636 1322 haesuram
653 1266 768 1342 figentia
783 1267 876 1338 rebus,

12 1345 16 1356 '
62 1403 66 1412 ,
107 1399 111 1407 ,
177 1346 254 1406 Quae
268 1356 426 1403 monstrant
439 1345 491 1420 ipsi
502 1346 597 1420 pneris
611 1347 780 1420 traduntque
794 1357 934 1421 parentes.

48 1442 63 1473 a
74 1417 211 1488 >retest
226 1426 364 1502 damnosa
379 1443 477 1482 senem
488 1425 566 1500 juvat
581 1425 652 1496 aisa,
666 1425 738 1482 ludit
756 1426 890 1482 ethaeros

205 1505 317 1575 udatus,
332 1522 472 1579 parvoque
486 1504 586 1560 eadem
600 1516 693 1560 movet
707 1523 784 1560 arma
799 1503 901 1560 fritillo.

179 1583 243 1641 Nec
257 1583 358 1640 meiius
372 1583 407 1640 de
422 1601 452 1638 se
466 1582 598 1656 cuiquam
612 1601 724 1657 sperare
739 1583 895 1658 propinquo
905 1641 922 1653 N
962 1633 966 1643 ,
980 1623 998 1632 ω

178 1663 329 1736 Concedet
339 1661 460 1741 juvenis,
474 1662 522 1735 qui
537 1662 638 1756 raderq
649 1663 748 1797 tuqeffra
761 1673 853 1734 terrae,
880 1648 941 1704 dna
950 1673 971 1754 p‘
981 1657 1025 1698 <tu

78 1749 82 1760 '
132 1735 310 1799 ‘'''B'dieium
325 1733 496 1814 coddires'et
509 1741 611 1797 eodem
623 1731 686 1815 1ch
722 1752 831 1798 atantes
1004 1805 1023 1815 ,1

180 1804 311 1896 Mergere
327 1802 583 1902 fiiffliiiffifficiiu
598 1819 740 1895 uebqlone
755 1832 882 1894 parente,
945 1849 954 1868 t·
969 1837 976 1856 a
991 1816 1024 1884 sii

179 1899 217 1957 Et
231 1900 305 1956 eant
316 1892 490 1956 monstrante
504 1893 591 1974 gatar
621 1899 722 1959 Quum
737 1899 873 1973 septimus
887 1916 980 1954 annus

179 1977 341 2036 Transierit
354 1996 452 2053 puer0‚
467 1979 593 2034 nondum
608 1978 686 2034 omni
702 1978 787 2034 dente
802 1988 910 2048 renato,

180 2057 318 2115 Barbatos
332 2054 400 2114 ticet
414 2057 564 2139 admoveaq
578 2057 654 2120 mille
670 2057 736 2113 inde
752 2056 933 2132 magistros*
948 2107 955 2125 ,

180 2136 260 2194 Hinc
274 2136 401 2208 totidem,
416 2135 512 2212 cupiet
525 2135 602 2192 iaut'd
615 2133 729 2204 curuare
743 2147 842 2210 paratu
862 2169 869 2176 -
892 2145 922 2188 ‘r
936 2128 981 2166 ''2''

181 2216 310 2292 Semper,
325 2227 353 2272 et
367 2233 384 2272 a
397 2215 502 2290 magnai
517 2234 574 2270 non
589 2215 762 2289 degenerare
776 2213 882 2272 culina.

181 2293 283 2351 Mitem
297 2295 423 2351 animum
438 2306 466 2351 et
480 2311 572 2350 mores
587 2293 706 2350 modicis
720 2294 860 2350 erroribus
874 2311 968 2368 aequos

181 2374 321 2449 Praecipit,
336 2385 419 2447 atque
433 2373 543 2430 animas
557 2392 699 2430 servorum
714 2385 742 2430 et
756 2392 872 2448 corpora
886 2371 983 2432 nostrd

181 2451 303 2510 Materia
317 2466 446 2509 constare
460 2462 541 2527 putat
551 2451 722 2526 paribusque
736 2452 902 2521 elementis3

181 2533 229 2588 An
245 2530 343 2588 saevire
357 2531 440 2588 docet
454 2531 580 2601 Rutilus,
595 2531 643 2605 qui
658 2532 764 2606 gaudet
778 2531 880 2588 acerbo

141 2645 144 2650 -
181 2610 334 2686 Plagarum
350 2610 478 2685 strepitu,
493 2623 521 2666 et
535 2610 642 2668 nnllam
658 2611 762 2667 Sirena
775 2608 918 2684 flagellis«
950 2662 962 2681 ,Δ
1193 2621 1203 2646 ν’

181 2689 343 2765 comparat,
358 2689 527 2764 Antiphates
540 2689 641 2766 trepidi
655 2689 731 2759 laris,
747 2707 781 2745 ac
800 2687 998 2764 Pdiyphemus,

132 2791 135 2797 ’
180 2767 260 2826 Tum
275 2767 350 2838 felix,
365 2768 475 2842 quoties
488 2768 587 2842 aliquis
601 2780 703 2824 tortore
718 2778 816 2831 vocato
894 2775 897 2782 ’

183 2847 277 2905 Uritur
293 2845 474 2904 ardentiduo
488 2859 599 2921 propter
612 2846 699 2903 lintea
714 2835 819 2912 scirtii*

181 2926 263 2988 Quid
277 2925 379 2982 suadet
389 2923 454 3000 juve
478 2924 486 2982 i
498 2925 579 3006 laetqs
593 2925 711 2982 stridore
726 2933 845 2996 catenae,

182 3005 280 3066 Quem
295 3001 366 3061 mire
381 2997 513 3077 afficiunt
524 3000 659 3078 inscripta
673 3005 823 3079 ergastula,
834 3022 932 3062 carcer
973 3050 977 3059 .

182 3084 342 3142 Rusticus?
383 3082 547 3158 ExspectaS,
563 3095 591 3139 ut
608 3103 662 3140 non
678 3084 714 3140 sit
725 3083 852 3139 adultera
866 3082 968 3159 Largae

185 3161 270 3234 Filia,
285 3179 347 3236 quae
361 3181 507 3236 nunquam
522 3173 664 3218 maternos
678 3163 773 3218 dicere
788 3162 912 3220 ruoechos
964 3218 967 3224 .

183 3240 259 3300 Tam
273 3238 341 3311 citri,
356 3259 411 3297 nec
425 3252 504 3298 tanto
517 3240 619 3316 poterit
632 3253 787 3298 contexere
802 3259 898 3314 cursu,

183 3319 222 3378 Ut
236 3339 292 3378 non
307 3331 347 3376 ter
363 3319 460 3387 decies
475 3319 616 3394 respirat
657 3320 783 3378 Conscia
797 3320 879 3377 matri

184 3399 273 3474 Virgo
288 3398 356 3456 tuit:
377 3417 457 3456 ceras
472 3417 550 3454 nunc
565 3399 619 3454 nte
633 3399 758 3456 dictante
772 3399 888 3472 pusillas

184 3477 298 3554 Implet,
311 3489 341 3534 ut
351 3477 387 3534 ad
402 3478 528 3534 moechos
542 3478 591 3534 dat
603 3477 710 3534 eisdem
726 3477 797 3535 ferre
811 3477 938 3536 ciuaedis.

185 3557 235 3614 Sic
249 3567 349 3613 natura
360 3556 458 3632 jubet:
474 3553 599 3612 velociirs
613 3567 641 3612 et
655 3555 740 3614 citius
754 3576 805 3614 nos

185 3635 380 3710 Corrumpunt
394 3634 523 3691 vitiorum
538 3636 667 3709 exempla
680 3636 845 3707 domestica,
860 3635 972 3712 magnis

184 3714 285 3776 Quum
300 3714 422 3770 subeunt
436 3714 545 3770 animos
556 3715 727 3770 auctoribus.
769 3713 850 3772 Unus
861 3725 890 3770 et
903 3713 973 3772 aiter

186 3792 318 3851 Forsitan
333 3793 394 3848 haec
408 3805 542 3868 spernant
553 3791 682 3868 juvenes,
697 3793 799 3867 quibus
813 3807 872 3849 arte
887 3791 1012 3863 benignd
