2666 4310
561 302 685 350 sn'rlltn
704 303 738 350 Il.

157 443 320 516 lnfremuit,
336 445 418 503 rubet
432 445 550 517 auditor,
567 445 614 502 cui
628 445 729 521 frigida
744 463 824 502 mens
838 453 883 502 est

155 524 340 596 Criminibus,
358 524 445 582 tacrtrl
459 525 562 581 sudant
575 525 730 598 praecordia
744 524 837 600 culpa.

155 599 229 660 Inde
246 603 304 674 irae,
318 613 347 659 et
361 604 501 677 lacrymae.
543 602 656 659 Tecum
671 601 749 677 priris
763 600 831 678 ergit
845 601 940 660 voluta

158 681 229 737 Haeo
244 683 339 739 animo
353 695 419 739 ante
433 683 531 738 tubas:
553 682 693 756 galeatum
709 680 773 738 serti
788 681 875 738 duelli
1092 679 1145 738 160

157 760 287 817 Poenitet.
330 759 476 835 Experiar,
491 761 558 834 quid
573 762 747 817 concedatur
763 761 793 816 in
808 761 880 832 illos,

154 838 286 902 Quorum
301 837 325 895 F
328 839 445 897 laminii
458 839 562 915 tegitur
577 839 649 896 cinis
663 851 747 913 atque
762 839 873 897 Latini.

547 1155 703 1214 sA'rlnA
726 1155 767 1214 11.

195 1311 299 1370 Uersa
315 1311 497 1390 Sauromatas
511 1313 608 1390 sugere
622 1313 690 1370 hinc
704 1313 773 1372 libet
787 1327 815 1372 et
829 1314 977 1391 glacialem
1043 1379 1046 1386 ⁸

156 1391 318 1463 Oceanum,
332 1393 442 1467 quoties
456 1393 561 1467 aliquid
577 1393 612 1449 de
627 1394 752 1451 moribus
767 1394 885 1467 audent,

156 1470 217 1532 Qui
232 1471 334 1528 Curios
348 1471 490 1540 simulant,
504 1483 533 1528 et
547 1471 737 1530 Bacchanalia
751 1474 855 1531 vivunt.

159 1548 269 1607 indocti
283 1547 426 1625 primirm3
447 1569 607 1625 quanquam
622 1552 705 1626 plena
719 1553 814 1609 omnia
828 1571 916 1628 gypso
959 1571 962 1576 ’

156 1628 307 1704 Chrysippi
321 1630 456 1686 invenias.
486 1629 562 1686 Nam
576 1631 797 1705 perfectissimus
812 1633 910 1690 horum
924 1643 977 1704 est,

158 1707 189 1764 Si
203 1707 266 1782 quis
280 1709 463 1766 Aristotelem
477 1709 596 1766 similem
612 1709 654 1766 rel
671 1710 798 1768 Pittacon
813 1711 891 1782 emit,

157 1785 194 1843 Et
205 1787 286 1862 jubet
299 1787 465 1862 archetypos
478 1788 604 1863 pluteum
619 1808 730 1846 servare
742 1790 904 1848 Cleanthas.

156 1864 255 1922 Fronti
271 1865 349 1922 nulla
363 1866 442 1923 fides.
482 1867 558 1928 Quis
571 1867 647 1923 enim
662 1887 720 1924 non
735 1869 815 1925 vicus
828 1867 955 1926 abundat

157 1942 302 2001 Tristibus
315 1945 476 2003 obacoenisl
518 1945 648 2022 Castigas
663 1947 755 2021 turpia
764 1949 815 2004 l-

157 2021 325 2098 loripedem
340 2035 434 2080 rectus
447 2024 583 2094 derideat,
599 2025 761 2101 AEthiopem
777 2025 865 2083 albus.

156 2101 232 2163 Quis
246 2101 341 2159 tulerit
354 2103 500 2160 Gracchos
515 2104 551 2159 de
566 2104 704 2160 seditione
718 2105 891 2178 querentes?
951 2104 953 2108 ’

155 2181 233 2243 Quis
246 2180 350 2238 coelum
364 2182 446 2239 terris
454 2202 511 2238 nnn
526 2183 653 2254 misceat,
668 2195 697 2240 et
710 2203 787 2240 mare
801 2183 883 2256 coelo,

156 2259 188 2316 Si
204 2259 247 2316 fur
261 2259 409 2335 displiceat
423 2261 526 2318 Verril
547 2263 689 2320 homicida
704 2261 826 2320 Milonil

155 2338 273 2396 Clodius
287 2351 402 2396 accuset
416 2342 560 2398 moechosl
600 2341 724 2400 Catilina
738 2342 918 2419 Cetheguml

156 2415 191 2474 In
205 2417 330 2475 tabulam
346 2419 432 2475 Sullae
446 2420 470 2476 si
484 2420 581 2476 dicant
595 2421 725 2495 discipuli
740 2423 813 2478 nest

155 2496 259 2558 Qualis
272 2507 332 2554 erat
345 2515 435 2572 nuper
449 2499 557 2572 tragico
570 2499 691 2574 pollutus
706 2501 815 2557 adulter

156 2575 329 2648 Concubitu,
344 2577 391 2650 qui
406 2589 475 2634 tunc
489 2577 566 2652 leges
580 2579 729 2636 revocabat
742 2598 851 2636 amaras
906 2614 911 2622 ·

155 2654 307 2726 Omnibus,
321 2665 404 2728 atque
419 2655 486 2730 ipsis
500 2656 606 2713 Veneri
621 2656 761 2732 Martique
776 2658 966 2715 timendas.-

156 2732 262 2790 Nonne
277 2732 362 2809 igitur
374 2733 436 2809 jure
451 2754 485 2791 ac
500 2735 600 2792 merito
614 2737 679 2794 vitia
693 2737 792 2794 ultima
805 2737 886 2794 liotos

155 2812 352 2870 Contemnunt
368 2812 500 2885 Scauros,
515 2825 544 2871 et
557 2814 694 2890 castigata
709 2815 892 2872 remordenti

194 2889 263 2948 Non
277 2890 341 2948 tulit
353 2909 389 2948 err
403 2891 457 2948 illis
471 2904 579 2949 torvum
595 2893 740 2952 Lauronia
753 2893 896 2969 quendam

155 2969 335 3026 Clementem
348 2969 447 3027 toties:
469 2971 524 3028 Ubi
539 2989 617 3030 nunc
631 2973 675 3029 lex
690 2972 787 3029 Julial
808 2972 933 3030 dormisl

156 3049 203 3105 Ad
218 3066 302 3123 quem
317 3048 486 3106 subridens:
508 3049 617 3107 Felicia
630 3062 766 3126 tempora,
781 3069 843 3125 quar
857 3061 885 3108 te

156 3125 285 3184 Moribus
298 3129 459 3202 opponunt!
483 3128 595 3186 Habeat
606 3129 664 3205 jam
680 3130 774 3187 Roma
787 3129 942 3204 pudorcml

158 3204 273 3262 Tertius
286 3225 303 3262 e
317 3205 389 3262 ooelo
403 3207 508 3266 cecidit
522 3207 602 3265 Cato,
644 3209 702 3265 Sed
716 3219 812 3265 tamen
827 3209 905 3264 unde

156 3285 229 3342 llaec
243 3284 324 3355 emis,
340 3283 448 3342 hirsuto
462 3286 568 3360 spirant
581 3287 761 3361 opobalsama
774 3287 848 3344 collo

154 3363 231 3425 Quae
245 3362 316 3419 tibil
357 3361 405 3419 Ne
419 3365 523 3438 pudeat
536 3365 682 3422 dominum
698 3378 853 3423 monstrare
868 3365 993 3422 taberne

153 3439 282 3504 Quodsi
297 3453 433 3498 vexantur
447 3443 525 3518 leges
539 3462 573 3500 ac
585 3444 658 3520 jura,
673 3445 752 3501 citari

156 3522 233 3577 Ante
247 3537 347 3577 omnes
361 3520 446 3577 debet
461 3521 595 3579 Scatinia.
638 3523 763 3598 Respice
778 3519 911 3598 primirm,

155 3598 193 3656 Et
206 3609 333 3656 scrutare
347 3599 437 3656 viros:
460 3600 568 3658 faciunt
583 3601 611 3658 hi
625 3601 724 3675 plura;
746 3603 794 3658 sed
811 3602 871 3658 illos

155 3677 293 3735 Defendit
307 3695 452 3750 numerus,
463 3678 626 3754 junctaque
642 3681 763 3737 umbone
777 3680 942 3755 phalanges.

157 3755 264 3831 Magna
278 3755 351 3813 inter
366 3757 463 3814 molles
477 3759 637 3816 concordia.
679 3758 746 3816 Non
761 3759 812 3816 erit
828 3758 916 3815 ullum

158 3834 325 3911 Exemplum
339 3834 369 3893 in
381 3847 477 3971 npptro
490 3847 547 3894 tam
561 3838 726 3901 detestabile
740 3856 810 3894 sexu
819 3867 860 3880 —
