2666 4310
575 299 699 347 SATIRA
716 297 769 346 Xll

184 521 244 582 Qui
259 521 507 578 Lacedaemonium
523 521 670 595 pytismate
686 520 807 576 lubricat
819 519 935 576 orbem:

183 599 316 674 Namque
330 600 368 657 ibi
384 598 516 656 Fortnnae
531 600 642 655 veniam
656 600 791 654 damnes
808 598 880 654 Alea
895 597 994 673 turpis,

183 677 283 754 Turpe
297 689 326 735 et
340 678 509 735 adulterium
524 677 722 733 mediocribus.
765 675 837 732 Haec
851 677 952 732 eadem
966 675 1007 733 illi

183 757 290 814 Omnia
302 775 389 831 quum
404 756 518 826 faciant,
533 756 635 812 hilares
649 755 786 829 nitidique
801 745 962 843 vocantur]

184 833 290 892 Nostra
303 835 413 892 dabunt
427 834 497 892 alios
511 834 595 891 bodie
608 834 737 891 convivia
751 834 849 890 ludos:

183 913 321 972 Conditor
335 912 440 971 Iliados
454 913 622 984 cantabitur,
637 923 720 986 atque
735 911 863 969 Maronis

184 992 307 1050 Altisoni
321 992 437 1049 dubiam
451 991 585 1048 facientia
598 990 725 1048 carmina
738 991 869 1066 palmam.

183 1071 264 1132 Quid
279 1071 372 1142 refert,
386 1072 457 1128 tales
471 1087 567 1128 versus
580 1070 636 1144 qud
650 1087 719 1127 voce
732 1071 883 1145 leganturl
899 1075 919 1136 tl

224 1151 281 1208 Sed
296 1168 374 1207 nunc
389 1149 484 1206 dilatis
498 1159 592 1206 averte
607 1149 720 1223 negotia
733 1148 820 1220 curis,

183 1225 221 1286 Et
234 1240 343 1306 gratam
357 1228 483 1304 requiem
497 1229 572 1286 dona
585 1227 645 1298 tibi,
659 1228 772 1302 quando
786 1227 884 1286 licebit

184 1307 237 1365 Per
251 1318 340 1365 totum
354 1325 464 1364 cessare
479 1306 571 1363 diem:
593 1323 650 1363 non
666 1306 780 1364 soenoris
793 1307 851 1364 ulla

184 1385 305 1458 Mentio,
319 1403 384 1458 nec,
398 1387 488 1462 primd
502 1386 525 1441 si
540 1385 604 1441 luce
619 1403 742 1460 egressa,
756 1386 856 1444 reverti

184 1463 277 1522 Nocte
292 1465 372 1536 solet,
386 1464 473 1522 tacito
487 1465 572 1522 bilem
586 1463 637 1520 tibi
651 1465 799 1522 contrahat
812 1484 932 1522 uxor-³·-

184 1543 322 1601 Protenus
337 1555 402 1600 ante
416 1561 521 1614 meum,
535 1542 670 1617 quidquid
685 1543 770 1615 dolet,
784 1561 857 1600 exue
871 1544 976 1601 limen:

184 1621 264 1680 Pone
278 1623 393 1680 domum
407 1633 436 1680 et
449 1639 554 1692 servos,
568 1633 597 1678 et
610 1621 746 1696 quidquid
762 1622 898 1698 frangitur
909 1621 975 1694 illis,

184 1703 245 1758 Aut
257 1702 346 1777 perit:
368 1701 493 1778 ingratos
507 1711 572 1757 ante
586 1701 682 1758 omnia
695 1719 768 1776 pone
782 1701 901 1759 sodales.

222 1780 336 1838 Interea
350 1778 550 1856 Megalesiacae
563 1779 725 1854 spectacula
739 1798 848 1856 mappae

184 1857 294 1915 Idaeum
308 1859 425 1916 solenne
440 1857 547 1929 colunt,
561 1857 716 1932 similisque
731 1858 873 1934 triumpho

184 1937 283 1995 Praeda
297 1938 469 1995 caballorum
483 1937 588 1993 Praetor
602 1936 698 2005 sedet;
720 1957 764 2006 ac,
778 1936 848 1993 mibi
861 1953 934 2012 pace

187 2015 336 2074 lmmensae
351 2016 502 2090 nimiaeque
516 2015 583 2072 licet
596 2015 620 2071 si
634 2015 730 2071 dicere
743 2015 843 2090 plebis,

185 2094 289 2152 Totam
303 2094 386 2153 hodie
401 2095 525 2152 Romam
539 2093 632 2150 circus
646 2094 731 2168 capit,
745 2105 773 2151 et
785 2093 876 2170 fragor
890 2111 988 2151 aurem

184 2174 321 2246 Pereunt,
335 2185 469 2231 eventum
483 2171 579 2230 viridis
593 2189 648 2246 quo
662 2172 765 2248 colligo
778 2171 874 2248 panni.

185 2251 271 2325 Nam,
286 2252 310 2309 si
321 2252 466 2324 deficeret,
481 2261 609 2308 moestam
624 2251 826 2326 attonitamque
840 2251 951 2308 rideres
1112 2250 1169 2308 185

186 2331 271 2388 Hanc
286 2332 395 2403 urbem,
409 2330 495 2388 veluti
510 2330 675 2386 Cannarum
690 2331 719 2386 in
734 2330 849 2406 pulvere
863 2329 946 2388 victis

185 2409 368 2468 Consulibus.
410 2411 546 2486 spectent
558 2408 686 2484 juvenes,
700 2428 769 2482 quos
783 2409 888 2467 clamor
902 2418 932 2466 et
944 2409 1039 2466 audax

185 2489 317 2564 Sponsio,
331 2507 401 2564 quos
414 2488 498 2545 cultae
512 2489 596 2544 decet
609 2487 747 2544 assedisse
760 2487 878 2564 puellae;

187 2567 324 2642 Spectent
338 2567 394 2624 hoc
408 2577 513 2643 nuptae,
524 2563 606 2641 juxta
620 2567 774 2623 recubante
788 2567 899 2637 marito,

184 2645 272 2706 Quod
286 2647 391 2721 pudeat
404 2646 534 2702 narrdsse
547 2644 668 2718 aliquem
683 2645 869 2720 praesentibns
882 2645 958 2720 ipsis.

185 2723 290 2782 Nostra
304 2723 381 2781 bibat
394 2723 511 2781 vernum
525 2734 671 2780 contracta
684 2723 809 2779 cuticula
822 2723 920 2796 solem,

185 2801 367 2878 Effugiatque
380 2814 484 2879 togam.
526 2801 544 2857 J
548 2817 593 2856 am
604 2819 682 2857 nunc
696 2802 724 2858 in
741 2801 852 2873 balnea,
866 2801 944 2859 salvi

186 2879 303 2953 Fronte,
317 2881 384 2938 licet
401 2881 495 2952 vadas,
509 2895 672 2954 quanquam
686 2879 777 2936 solida
790 2880 858 2936 bora
872 2878 993 2956 supersit
1084 2908 1087 2914 ·

188 2960 233 3016 Ad
248 2971 363 3017 sextam.
405 2959 514 3016 Facere
528 2959 582 3014 boc
596 2977 653 3015 non
667 2959 756 3034 possis
771 2957 896 3033 quinque
910 2957 1012 3015 diebus

186 3037 347 3110 Continuis,
361 3038 427 3113 quia
441 3047 507 3095 sunt
520 3035 584 3094 talis
598 3055 709 3110 quoque
723 3036 807 3094 taedia
820 3036 885 3093 vite

188 3115 303 3193 Magna.
344 3115 511 3193 Voluptates
524 3116 706 3173 commendat
719 3115 805 3172 rarior
817 3131 894 3172 usus.

555 3427 713 3488 sanine
731 3427 802 3487 XII.

226 3587 356 3660 Narem,
369 3587 503 3658 Corvino,
516 3585 563 3643 die
577 3585 647 3643 mihi
661 3585 770 3644 dulcior
784 3585 848 3645 haec
860 3586 919 3660 lux,

188 3665 255 3728 eut
269 3665 357 3724 festus
369 3666 506 3742 promissa
519 3665 581 3722 deis
594 3665 729 3721 animalia
742 3682 843 3739 cespes

188 3744 347 3821 Exspectat.
388 3743 417 3800 N
421 3745 510 3801 iream
525 3743 648 3818 Reginae
663 3743 794 3799 ducimus
808 3759 928 3819 agnam:

188 3823 241 3882 Par
254 3821 346 3880 vellus
360 3823 474 3880 dabitur
487 3821 627 3958 ppaqnanti
641 3821 774 3898 Gorgone
790 3819 893 3878 Mauri
