2666 4310
570 253 698 316 SnTntn
717 257 750 318 tt.

181 402 323 473 Pactum,
337 413 366 459 et
379 400 468 459 nimio
481 402 516 458 de
531 402 660 473 stamine,
674 420 761 476 quum
776 401 851 458 videt
866 400 938 477 acris

183 481 325 538 Antilochi
342 481 454 538 barbam
470 482 626 551 ardentem,
640 500 726 555 quum
741 481 840 554 quaerit
853 481 888 536 ab
901 481 990 552 omui,
1053 499 1057 514 ·

91 610 94 615 .
178 559 317 633 Quisquis
331 561 410 616 adest
424 560 527 629 sociae,
542 579 592 616 cur
608 561 669 615 haec
684 560 713 615 in
728 570 854 634 tempora
869 561 963 631 duret,

177 638 265 698 Quod
281 639 392 695 lacinus
406 638 523 713 dignum
539 650 595 694 tam
607 638 691 712 longo
706 638 849 694 admiserit
864 639 943 695 aevot

179 716 252 772 Haec
265 718 365 774 eadem
381 717 492 788 Peleus,
511 728 621 791 raptum
636 735 722 790 quum
737 717 815 791 luget
829 717 983 788 Achillem,

179 796 273 870 Atque
287 797 368 866 aliuS,
383 796 430 852 cui
446 796 486 851 fas
500 795 631 852 Ithacum
645 796 742 869 lugere
757 805 913 852 natantem.

116 944 119 950 Ι
179 873 318 932 Incolumi
332 874 421 948 Trojai
435 873 564 930 Priamus
578 875 700 932 venisset
714 874 749 930 ad
765 875 878 930 umbras

180 953 312 1010 Assaraci
327 955 438 1029 magnis
451 952 624 1024 solennibus,
640 953 765 1009 Hectora
780 952 865 1008 sunus
933 1007 963 1032 ,l
1076 1007 1102 1023 „

180 1031 320 1104 Portante,
335 1051 368 1089 ac
383 1032 497 1109 renquis
512 1033 627 1089 fratrum
642 1031 810 1103 cervicibus,
825 1031 898 1088 inter
926 1070 930 1080 ι
955 1065 961 1082 2
992 1051 998 1065 2
1021 1049 1026 1058 ·
1069 1034 1092 1054 '¹
1111 1023 1148 1064 '¹

178 1109 299 1168 iliadum
313 1111 462 1186 lacrymas,
477 1122 508 1168 ut
522 1111 625 1186 primos
640 1112 724 1168 edere
738 1109 869 1185 planctus
959 1161 962 1168 ,

177 1189 338 1247 Cassandra
351 1191 498 1265 inciperet,
512 1191 656 1264 scissaque
671 1189 814 1264 Polyxena
827 1188 911 1264 palla,

178 1268 209 1325 Si
224 1269 295 1326 soret
307 1269 463 1326 exstinctus
477 1269 586 1326 diverso
601 1279 736 1344 tempore,
750 1287 805 1342 quo
819 1287 877 1326 non

177 1346 311 1424 Creperat
325 1348 449 1404 audaces
463 1347 542 1404 Paris
556 1348 696 1404 adificare
708 1348 826 1404 carinas.

177 1424 279 1501 Longa
290 1427 351 1484 dies
366 1426 450 1501 igitur
463 1428 530 1501 quid
545 1427 686 1484 contulitl
707 1427 802 1482 omnia
816 1425 885 1482 vidit

178 1503 292 1577 Eversa,
306 1517 335 1562 et
349 1504 469 1562 flammis
484 1507 582 1562 Asiam
598 1505 724 1578 ferroque
738 1505 896 1562 cadentem.

176 1582 264 1640 Tunc
278 1584 361 1641 miles
374 1583 511 1642 tremulus
524 1584 615 1660 posita
629 1584 694 1640 tulit
708 1601 786 1639 arma
800 1584 883 1656 tiara,

177 1660 214 1719 Et
227 1664 284 1720 ruit
297 1674 363 1719 ante
378 1682 455 1720 aram
469 1663 572 1719 summi
587 1662 674 1732 lovis,
689 1673 720 1718 ut
735 1662 843 1718 vetulus
858 1663 917 1735 bos,

175 1740 238 1802 Qui
253 1741 360 1799 domini
375 1742 472 1798 cultris
486 1753 572 1798 tenue
587 1753 615 1799 et
629 1741 787 1797 miserabile
801 1741 905 1798 collum

176 1817 296 1891 Praebet,
312 1821 347 1876 ab
361 1821 471 1896 ingrato
482 1821 540 1896 jam
555 1821 693 1878 fastiditus
707 1831 806 1876 aratro
952 1821 956 1830 '

176 1897 279 1956 Exitus
293 1899 339 1956 ille
354 1910 498 1974 utcunque
513 1899 652 1956 hominis:
673 1899 722 1954 sed
737 1909 813 1954 torva
827 1898 932 1956 canino
1102 1897 1165 1956 265

176 1976 300 2034 Latravit
314 1978 398 2048 rictu,
412 1997 475 2052 quae
489 1990 551 2054 post
565 1980 641 2034 hunc
656 1977 772 2047 vixerat,
787 1995 865 2032 uxor.

176 2055 293 2114 Festino
307 2057 342 2113 ad
358 2068 476 2126 nostros,
491 2070 519 2114 et
534 2075 629 2131 regem
644 2069 756 2112 transeo
771 2055 865 2126 Ponti,
950 2097 954 2102 ι
976 2070 1003 2102 -11
1016 2060 1075 2097 '²²'

175 2133 213 2191 Et
226 2135 367 2206 Croesum,
382 2153 466 2209 quem
478 2149 529 2192 vox
540 2135 607 2210 justi
623 2135 745 2192 facunda
760 2133 872 2190 Solonis

176 2212 333 2289 Respicere
347 2215 383 2271 ad
399 2215 490 2288 longae
502 2214 585 2290 jussit
598 2215 687 2289 spatia
702 2213 798 2270 ultima
812 2213 883 2269 vitae.

176 2291 323 2363 Exsilium,
339 2304 368 2350 et
381 2312 488 2364 carcer,
503 2291 769 2366 Minturnarumque
783 2291 916 2366 paludes,
945 2343 950 2360 ,.
1021 2293 1039 2309 '¹
1053 2275 1092 2322 “l
1101 2290 1164 2348 270

176 2369 213 2428 Et
227 2372 405 2428 mendicatus
419 2371 493 2428 victa
507 2372 680 2447 Carthagine
694 2372 785 2446 panis,

158 2459 162 2469 ‘
176 2447 254 2506 Hinc
268 2469 369 2507 causas
383 2449 516 2508 habuere.
557 2451 639 2512 Quid
654 2451 701 2507 illo
715 2451 776 2507 cive
790 2449 899 2506 tulisset

175 2527 287 2586 Natura
299 2529 329 2587 in
343 2531 434 2600 terris,
449 2531 516 2604 quid
529 2529 625 2586 Roma
640 2529 748 2586 beatius
761 2547 896 2603 unquam,

176 2607 207 2663 Si
222 2607 417 2666 circumducto
430 2610 603 2684 captivorum
618 2609 740 2684 agmine,
755 2622 783 2664 et
796 2607 873 2663 omni

175 2685 316 2742 Bellorum
331 2688 444 2762 pompa,
459 2689 581 2744 ammam
596 2688 753 2744 exhalasset
766 2686 899 2760 opimam,
1101 2685 1163 2743 275

174 2763 274 2825 Quum
288 2766 324 2822 de
339 2765 501 2824 Teutonico
515 2767 598 2824 vellet
611 2766 785 2823 descendere
799 2783 883 2820 curru
895 2765 927 2822 lr‘

175 2842 295 2900 Provida
308 2843 443 2920 Pompeio
457 2846 573 2902 dederat
587 2844 745 2920 Campania
759 2843 851 2900 febres

181 2922 339 2998 dptandas:
361 2924 416 2980 sed
425 2923 520 2980 multae
535 2924 618 2980 urbes
632 2935 660 2980 et
674 2923 787 2998 publica
801 2932 864 2978 vota
886 2957 889 2964 ·

177 2999 322 3058 Vicerunt.
364 2999 453 3077 Igitur
468 3001 594 3058 Fortuna
608 3002 696 3076 ipsius
709 3015 738 3058 et
751 3000 835 3058 Urbis

175 3078 322 3136 Servatum
336 3080 410 3137 victo
423 3093 509 3155 caput
522 3081 645 3138 abstulit.
687 3080 752 3136 Hoc
766 3078 893 3136 cruciatu
1100 3079 1161 3138 230

175 3155 321 3230 Lentulus,
337 3159 392 3216 hac
405 3161 489 3234 prena
503 3160 595 3216 caruit
608 3158 767 3232 ceciditque
778 3151 930 3231 Cethegus·

177 3234 299 3311 Integer,
313 3247 341 3293 at
352 3237 441 3312 jacuit
456 3237 580 3294 Catilina
593 3238 729 3296 cadavere
743 3248 810 3294 toto.
828 3255 849 3328 p

214 3314 436 3391 Formambpmt
451 3317 562 3373 modico
575 3317 679 3392 pueris,
694 3316 797 3390 majore
811 3317 912 3390 puellis

177 3391 331 3464 Murmure,
346 3413 432 3470 quum
448 3394 568 3452 Veneris
583 3395 679 3452 fanum
694 3395 769 3461 videt
783 3395 867 3452 anxia
881 3405 970 3454 mater

95 3472 102 3488 ’
176 3471 269 3547 Usque
284 3473 319 3528 ad
333 3473 449 3530 delicias
464 3485 598 3531 votorum.
639 3473 699 3529 Cur
713 3484 818 3544 tamen,
833 3474 934 3550 inquit,
1098 3472 1155 3530 ‘285

173 3545 337 3626 Corripiasl
358 3551 481 3608 Pulchra
496 3553 603 3627 gaudet
617 3552 726 3610 Latona
740 3551 844 3610 Diana.
1020 3571 1078 3664 astq

174 3629 231 3686 Sed
247 3640 321 3686 vetat
334 3632 424 3705 optari
439 3631 540 3687 faciem
555 3631 697 3701 Lucretia,
712 3631 822 3705 qualem
866 3667 876 3674 -

174 3707 240 3782 Ipsa
254 3709 368 3766 habuit.
391 3725 508 3784 cuperet
522 3709 628 3766 Rutila
639 3709 771 3784 Virginia
784 3710 900 3783 gibbum

176 3787 325 3862 Accipere,
341 3803 423 3861 atque
438 3808 518 3845 suam
533 3788 640 3846 Rutilae
654 3789 731 3846 dare.
773 3787 863 3844 Filius
878 3797 973 3845 autem

966 2027 970 2040 l
988 2020 1009 2053 4
1069 2029 1087 2072 td·
1099 2027 1159 2069 ,ἌΙΙᾹΙ
1245 2047 1253 2058 ι
