2666 4310
140 249 180 306 ott
454 248 485 298 D.
502 249 599 298 sonu
617 249 813 298 Juvsnanrs

143 389 213 448 Esse
225 390 309 449 velis:
330 409 385 449 neo
398 391 475 449 enim
490 391 606 450 loricam
621 393 712 468 poscit
727 391 848 450 Achillis

141 469 300 542 Thersites,
312 471 341 527 in
355 472 411 546 qual
426 491 456 528 se
471 472 673 528 transducebat
686 471 790 528 Ulixes.

144 549 306 624 Ancipitem
321 569 372 605 seu
386 561 417 606 tu
432 569 535 624 magno
549 551 712 606 discrimine
726 569 841 607 causam

141 627 292 703 Protegere
307 627 437 696 allectas;
460 641 487 686 te
502 629 628 699 consule,
643 629 690 686 dic
705 630 765 700 tibi,
779 629 827 704 qui
841 629 890 701 sis,

141 704 243 764 Orator
258 707 422 778 vehemens,
436 726 472 764 an
487 707 603 764 Curtius
616 719 645 764 et
660 707 760 764 Matho
774 708 880 765 buccas.

141 783 295 842 Noscenda
309 797 352 842 est
367 805 499 842 mensura
513 786 567 856 sui,
582 787 793 862 spectandaque
805 787 889 844 rebus

141 861 175 919 ln
191 863 308 920 summis
319 863 515 939 minimisque;
537 865 621 922 etiam
637 883 723 940 quum
739 866 824 940 piscis
838 876 960 939 emetur,

140 941 186 999 Ne
201 941 319 1000 mullum
333 943 442 1018 cupias,
456 963 542 1018 quum
557 944 593 1000 sit
607 944 658 1000 tibi
671 944 756 1019 gobio
769 942 880 1002 tantiam

140 1019 175 1077 In
189 1021 299 1079 loculis.
339 1021 416 1083 Quis
429 1021 506 1080 enim
521 1033 558 1094 te,
574 1022 725 1080 deficiente
739 1023 887 1096 crumena,

140 1099 178 1156 Et
191 1111 337 1158 crescente
351 1101 429 1176 gule,
445 1113 540 1158 manet
553 1101 661 1171 exitus3
683 1121 738 1160 ere
752 1114 870 1178 paterno

140 1179 186 1236 Ac
201 1179 286 1236 rebus
300 1180 399 1236 mersis
413 1181 442 1237 in
457 1191 593 1250 ventrem,
609 1179 724 1238 faenoris
737 1193 821 1256 atque

140 1258 262 1334 Argenti
275 1258 378 1333 gravis,
388 1269 417 1315 et
431 1277 575 1334 pecorum,
589 1278 776 1335 agrorumque
790 1245 966 1336 capacem(

139 1335 261 1393 Talibus
275 1355 292 1393 s
305 1337 428 1394 dominis
442 1349 502 1405 post
516 1353 621 1394 cuncta
634 1339 802 1396 novissimus
816 1340 874 1398 exit

140 1415 284 1486 Annulus,
298 1426 327 1472 et
341 1416 430 1492 digito
443 1417 587 1474 mendicat
600 1417 690 1474 Pollio
704 1418 789 1474 nudo.

140 1493 207 1551 Non
222 1495 382 1569 praematuri
396 1495 518 1566 cineres,
532 1515 587 1552 nec
602 1496 686 1552 sunus
701 1497 835 1554 acerbum

140 1572 289 1641 Luxuriae;
311 1574 360 1630 sed
376 1585 464 1632 morte
478 1572 569 1650 magis
580 1576 733 1632 metuenda
746 1587 887 1634 senectus.

140 1651 180 1709 Hi
195 1649 359 1728 plerirmque
373 1654 493 1728 gradus:
514 1654 657 1710 conducta
670 1655 793 1730 pecunie
807 1655 909 1714 Rome

139 1729 178 1787 Et
191 1750 286 1788 coram
301 1732 424 1788 dominis
438 1733 631 1790 consumitur:
652 1733 720 1790 inde
736 1733 784 1790 ubi
798 1733 926 1810 paullum,

139 1809 247 1868 Nescio
260 1810 337 1885 quid,
352 1825 488 1887 superest,
503 1823 532 1868 et
545 1812 630 1887 pallet
644 1812 757 1870 soenoris
771 1827 879 1884 auctor,

139 1888 200 1950 Qui
215 1888 324 1946 vertere
335 1891 436 1962 solum,
451 1890 536 1948 Baias
549 1902 578 1947 et
591 1891 626 1947 ad
640 1903 732 1948 ostrea
746 1904 872 1950 currunt.

140 1968 251 2025 Cedere
266 1988 387 2044 namque
402 1969 461 2027 foro
473 1969 531 2045 jam
546 1989 604 2027 non
618 1982 661 2027 est
671 1971 806 2044 deterius,
820 1969 906 2048 quim

140 2046 282 2122 Esquilias
296 2067 312 2105 u
326 2048 443 2106 ferventi
458 2049 578 2124 migrare
594 2049 715 2107 Sabure.

140 2124 191 2182 Ille
205 2127 284 2184 dolor
298 2127 375 2185 solus
388 2127 506 2204 patriam
522 2127 705 2203 fugientibus,
721 2128 768 2186 illa

140 2203 276 2263 Moestitis
291 2217 343 2278 est,
358 2207 482 2264 caruisse
496 2226 572 2264 anno
587 2207 771 2265 Circensibus
785 2226 852 2266 uno.
866 2223 899 2261 ‚aa

140 2285 295 2358 Senguinis
309 2284 338 2342 in
353 2285 425 2342 sacie
440 2305 497 2343 non
513 2286 600 2342 baeret
612 2297 707 2362 gutta:
729 2300 874 2346 morantur

139 2361 227 2420 Pauci
241 2364 392 2420 ridiculum
407 2364 589 2440 effugientem
603 2385 637 2422 ex
652 2365 729 2422 Urbe
739 2367 885 2442 pudorem,

178 2440 333 2517 Experiere
349 2442 442 2514 hodie,
456 2443 583 2517 nunquid
598 2443 786 2518 pulcherrima
799 2441 889 2517 dictu,

138 2519 263 2592 Persice,
275 2541 332 2578 non
346 2533 475 2596 prestem
492 2522 547 2578 vitd
562 2523 603 2579 vel
619 2524 743 2580 moribus
757 2536 786 2581 et
799 2543 846 2594 re;

139 2601 197 2656 Sed
211 2599 324 2657 laudem
338 2599 453 2675 siliquas
466 2601 595 2658 occultus
609 2620 718 2676 gsneo;
740 2603 833 2678 pultes

138 2678 243 2735 Coram
258 2679 320 2736 aliis
331 2679 436 2736 dictem
451 2699 548 2754 puero,
563 2682 613 2736 sed
629 2681 658 2738 in
673 2700 740 2738 aure
754 2683 901 2758 placentas

139 2757 225 2830 Nam,
240 2777 327 2834 quum
342 2757 380 2815 sis
394 2759 512 2816 conviva
525 2759 594 2816 milri
608 2761 771 2836 promissus,
787 2761 904 2818 babebis

139 2837 313 2910 Evandrum,
328 2837 425 2895 venies
438 2836 616 2912 Tirynthius,
631 2850 680 2895 aut
693 2837 784 2898 minor
799 2841 846 2898 illo

139 2915 261 2992 Hospes,
275 2927 304 2974 et
317 2917 378 2994 ipsc
391 2927 486 2974 tamen
502 2918 671 2993 contingens
685 2919 825 2994 sanguine
839 2918 944 2978 ooelum

139 2995 220 3052 Alter
233 2995 323 3070 aquis,
337 2997 406 3053 ulter
421 2994 542 3054 flammis
555 2998 591 3053 ad
605 2997 699 3054 sidera
713 2998 824 3056 missus.

138 3073 261 3132 Fercula
274 3094 352 3132 nunc
366 3075 432 3132 audi
447 3076 532 3134 nullis
545 3087 644 3133 ornata
658 3077 791 3134 macellis.

137 3151 182 3209 De
197 3152 350 3212 Tiburtino
365 3155 458 3212 veniet
471 3155 674 3230 pinguissimus
689 3175 756 3230 agro

137 3231 285 3305 Haedulus',
300 3244 329 3290 et
342 3243 400 3290 toto
413 3252 500 3309 grege
515 3234 633 3304 mollior,
648 3234 755 3292 inscius
770 3235 874 3307 herbe,

136 3309 271 3368 Necdum
286 3331 370 3368 ausus
385 3311 476 3388 virgas
491 3313 605 3370 humilis
620 3313 748 3371 mordere
762 3314 864 3385 salicti,

135 3389 197 3450 Qui
211 3390 273 3464 plus
286 3391 367 3447 lactis
381 3392 475 3464 habet,
489 3389 574 3467 qudm
589 3393 751 3467 sanguinis;
773 3403 802 3450 et
816 3390 943 3452 montani

136 3468 286 3544 Asparagi,
302 3469 392 3544 posito
405 3489 475 3545 quos
488 3470 557 3546 legit
570 3471 664 3528 villica
679 3472 747 3529 suso.

135 3547 263 3604 Grandis
276 3560 412 3624 praeterea
425 3560 553 3624 tortoque
567 3549 689 3607 calentia
704 3550 778 3608 foeno

135 3625 199 3696 Ova
212 3629 316 3685 adsunt
327 3628 394 3703 ipsis
407 3648 473 3686 cum
489 3629 635 3699 matribus,
649 3641 678 3686 et
689 3641 805 3687 servate

136 3705 223 3764 Parte'
233 3708 311 3778 anni,
325 3707 423 3782 quales
438 3707 549 3765 fuerant
563 3708 592 3765 in
608 3709 720 3779 vitibus,
735 3727 816 3765 nvae:

136 3785 290 3861 Signinum
307 3787 476 3863 Syriumque
490 3806 601 3862 pyrum,
616 3789 652 3842 de
667 3788 799 3844 corbibus
813 3786 905 3845 isdem
