2666 4310
197 263 237 320 δ’]
512 261 542 310 D.
558 261 655 310 lUNll
672 261 868 310 Juvnttttte

199 404 264 462 Non
280 403 382 482 'RQ‘
396 415 533 474 matrona,
547 403 597 461 tibi
612 422 675 478 qure
686 405 786 480 juncta
800 405 951 477 recumbit,

199 483 321 540 Dicendi
336 501 437 558 genus,
452 497 502 540 aut
516 497 628 540 curtum
643 502 773 540 sermone
787 495 877 542 rotato

200 561 342 636 Torqueat
356 563 546 637 enthymema,
562 581 615 618 nec
632 562 760 618 historias
773 563 845 618 sciat
857 582 958 620 omnes
966 581 974 632 ;

198 641 255 696 Sed
269 640 399 714 quadam
413 661 448 698 ex
463 641 541 696 libris
554 653 583 696 et
598 659 654 696 non
670 641 816 712 intelligat.
857 641 916 698 Odi

199 719 283 776 llanc
296 737 360 794 ego,
374 738 438 794 quae
453 720 553 794 repetit
567 719 706 794 volvitque
722 720 890 778 l'alaemunis
903 732 1004 793 artem,

197 797 313 854 Servata
328 817 438 874 semper
454 797 516 873 lege
530 808 559 854 et
573 799 680 854 ratione
691 799 836 873 loquendi,

199 875 369 951 Ignotusque
382 878 451 934 mihi
465 887 544 934 tenet
557 877 714 951 antiquaria
729 896 836 950 versus,

196 953 261 1011 Nec
275 957 402 1014 curanda
416 956 485 1030 viris
495 957 585 1031 opicae
599 957 719 1031 castigat
733 957 833 1014 amice

195 1033 298 1090 Verba
342 1035 541 1092 Soloecismum
555 1035 638 1092 liceat
650 1035 751 1092 fecisse
762 1037 869 1094 marito.

236 1111 284 1170 Nil
300 1133 356 1172 non
371 1115 506 1188 permittit
519 1114 620 1170 mulier
634 1113 698 1184 sibi,
713 1125 794 1190 turpe
804 1125 884 1190 putat
897 1115 950 1188 nil,

195 1189 297 1251 Quum
312 1193 416 1250 virides
429 1211 557 1268 gemmas
570 1192 643 1268 col-lo
661 1193 858 1264 circumdedit,
872 1206 902 1252 et
914 1211 1002 1270 quum

196 1271 324 1328 Auribus
337 1271 459 1330 extentis
473 1291 590 1347 magnos
603 1273 745 1328 commisit
758 1272 902 1331 elenchos.

196 1349 404 1408 Intolerabilius
418 1351 488 1408 nihil
502 1363 555 1422 est,
568 1347 653 1425 qudm
668 1351 784 1408 soemina
797 1352 883 1410 dives.
909 1369 927 1462 p
940 1363 983 1459 gf
1120 1353 1181 1411 345

235 1427 350 1486 Interea
364 1429 438 1486 soeda
452 1441 567 1504 aspectu
582 1430 756 1503 ridendaque
775 1431 864 1488 multo
1057 1487 1074 1505 ἢ

197 1507 274 1564 Pane
288 1519 378 1566 tumet
392 1508 488 1580 facies,
503 1521 551 1565 aut
565 1508 682 1597 pinguia
696 1508 857 1584 Pultfflna
898 1539 961 1562 w
995 1524 1016 1574 a,
1055 1501 1150 1552 e'v'v

197 1587 301 1662 Spirat,
315 1599 343 1644 et
358 1588 426 1643 hinc
440 1587 535 1644 miseri
550 1598 692 1643 viscantur
708 1587 785 1644 labra
798 1588 900 1646 mariti.

196 1666 243 1721 Ad
258 1667 402 1722 moechum
417 1667 510 1722 reniet
524 1667 579 1742 lon
594 1677 668 1722 cute.
709 1666 837 1727 Quando
851 1667 939 1724 videri

196 1743 265 1801 Vult
277 1743 397 1802 tbrmoea
410 1745 506 1802 domil
527 1745 646 1802 moechis
660 1745 754 1802 foliata
767 1759 909 1821 parantur.
1090 1748 1180 1806 ..35⁰

196 1821 252 1900 ῌρρ
264 1824 376 1896 emitur,
390 1823 526 1900 quidquid
540 1824 659 1904 &RQ
673 1825 730 1880 huc
736 1817 941 1908 minitip‘lndt
957 1827 1009 1889 &a
1040 1797 1170 1870 “Mul

195 1901 328 1960 Tandem
343 1903 432 1979 aperit
446 1903 563 1974 vultum,
577 1915 605 1959 et
619 1905 738 1961 tectoria
747 1903 838 1978 prima
851 1903 980 1980 reponit:

196 1979 302 2056 Incipit
315 1982 442 2058 agnosci,
457 1995 541 2058 atque
556 1982 604 2040 illo
614 1981 688 2039 lacte
703 1983 822 2053 fovetur,

196 2059 312 2136 Propter
326 2063 400 2136 quod
414 2080 513 2118 secum
526 2061 647 2118 comites
658 2061 755 2118 educit
769 2062 880 2132 asellas,

196 2137 283 2196 Exsul
299 2140 515 2218 Hyperboreum
531 2140 555 2196 si
569 2139 726 2197 dimittatur
740 2142 776 2197 ad
790 2159 881 2201 axem.
1117 2141 1179 2200 355

196 2219 253 2276 Sed
267 2237 330 2294 ‹pu-m
345 2220 459 2276 mutatis
472 2218 617 2276 inducitur
642 2231 725 2294 atque
740 2219 847 2276 fovetur

195 2295 254 2354 Tot
267 2298 515 2368 medicaminibus,
529 2308 675 2372 coctaeque
689 2298 809 2373 siliginis
821 2298 892 2356 offas

195 2376 311 2452 Accipit
324 2387 353 2433 et
367 2378 498 2448 madidae,
514 2376 600 2434 facies
614 2377 734 2447 dicetur,
748 2396 785 2433 an
800 2378 902 2435 ulcual

234 2453 285 2510 Est
299 2456 420 2530 pretium
435 2475 521 2526 curte,
536 2453 649 2530 penitus
663 2474 845 2530 cognoscere,
859 2467 918 2514 toto

194 2531 276 2593 Quid
291 2534 395 2591 saciant
409 2535 570 2610 agitentque
584 2535 639 2592 die.
682 2537 713 2592 Si
725 2546 808 2592 nocte
822 2536 940 2592 maritus
1118 2536 1179 2594 360

195 2613 321 2690 AQs
332 2613 438 2688 jacuit,
459 2614 541 2692 pffii-it
555 2601 678 2685 tibfsria,
693 2624 803 2688 ponunt
892 2637 962 2712 affl

193 2690 335 2749 Cosmetae
350 2693 471 2762 tunicas,
485 2689 566 2749 tarde
581 2691 691 2749 venisse
705 2693 850 2750 Liburnus

193 2771 317 2844 Dicitur,
331 2783 360 2829 et
373 2790 471 2847 poenas
485 2771 569 2830 alieni
620 2773 708 2830 odere
721 2771 813 2828 somni

155 2865 158 2874 ·
180 2850 329 2926 ‘Cogitun
351 2851 398 2908 hic
412 2850 514 2926 frangit
528 2836 568 2907 liei
618 2871 641 2921 s,
656 2851 737 2906 rubet
751 2851 797 2906 ille
812 2847 940 2925 flagellis,

194 2929 252 2987 Hic
265 2931 393 2988 scuticd:
415 2941 491 3000 sunt,
505 2947 568 3004 quae
582 2929 733 2986 tortoribus
747 2947 842 3011 appara
855 2939 998 3004 prestent.
1117 2929 1180 2989 365

193 3009 340 3081 Verberat,
355 3021 438 3083 atque
451 3010 541 3066 obiter
555 3008 656 3066 faciem
671 3007 749 3076 linit;
771 3009 850 3064 audit
864 3006 980 3079 mnicas,

193 3090 254 3145 Aut
267 3089 355 3146 latum
369 3089 452 3164 pictae
467 3087 551 3144 vestis
565 3087 724 3144 considerat
738 3105 849 3157 aarum,

193 3167 230 3224 Et
244 3168 347 3236 caedit3
368 3167 445 3242 longi
459 3166 560 3241 relegit
573 3178 730 3223 transversa
744 3165 849 3237 diurni,

193 3245 231 3303 Et
245 3246 340 3317 caedit,
354 3247 446 3302 donec
460 3245 541 3302 lassis
555 3244 740 3315 cadentibus,
755 3243 827 3320 lffl

193 3323 308 3382 lntonet
322 3325 504 3404 hffllsslumi
515 3323 574 3398 jam
589 3322 752 3397 cognitione
766 3323 890 3398 peractd.
1118 3325 1180 3382 370

232 3403 404 3478 Prgcgsec-tura
417 3403 519 3460 domds
534 3402 632 3458 Sicula
648 3421 705 3458 non
720 3403 812 3458 mitior
826 3403 900 3459 aula.
920 3435 922 3442 ι
1064 3455 1066 3463 ,

192 3481 269 3541 Nam
281 3482 304 3538 si
319 3482 464 3560 miris-titud
490 3482 626 3555 solitoque
641 3479 790 3538 decentiirs
804 3491 881 3556 optat
913 3489 962 3522 Ἣ
983 3472 1049 3516 “³⁴¹¹
1070 3489 1081 3510 ⁴
1103 3491 1147 3560 a...
1182 3521 1205 3540 1

192 3562 306 3633 Ornari,
321 3573 350 3618 et
364 3572 501 3636 properat,
513 3559 627 3635 jamque
641 3571 820 3632 exspectatur
831 3559 860 3615 in
875 3559 972 3632 hortis,
1012 3559 1023 3577 ‘⁴
1039 3564 1043 3580 ¹
1102 3557 1106 3565 ’
1126 3563 1130 3576 ’
1149 3567 1158 3584 ⁴
1188 3565 1195 3582 ⁸
1213 3555 1231 3584 “¹

192 3643 252 3700 Aut
266 3642 340 3718 apud
356 3639 455 3698 lsiacae
467 3638 560 3716 potiris
574 3639 695 3694 sacraria
707 3637 795 3706 lenae;

194 3721 324 3798 Disponit
338 3699 447 3778 crinein
462 3717 593 3776 laceratis
608 3717 668 3807 ipsa
681 3716 791 3790 capillis
1118 3717 1180 3776 375

195 3800 276 3859 Nuda
293 3803 411 3858 humero
425 3799 530 3856 Psecas
544 3796 653 3866 infelix,
667 3796 808 3870 nudisque
819 3794 959 3853 mamillis.
