2652 4308
312 667 933 750 n.PuR811uLA001

506 914 740 978 SATIRAE.

533 1323 718 1374 PROLOGUS.

329 1469 398 1528 Nnc
412 1469 489 1528 sonte
503 1468 581 1526 labra
594 1468 685 1544 prolui
696 1469 848 1544 caballino,

289 1549 392 1624 Neque
406 1548 435 1606 in
451 1547 559 1624 bicipiti
570 1549 726 1605 sornnidsse
741 1548 880 1609 Parnasso

208 1670 211 1676 ·
292 1627 423 1698 Memini,
438 1639 469 1684 ut
483 1625 598 1702 repente
613 1627 656 1683 sic
669 1631 754 1702 poeta
767 1629 918 1703 prodirem.

290 1706 532 1780 Heliconidasque
545 1705 734 1782 pallidumque
748 1707 871 1765 Pirenen

291 1786 352 1845 Illis
365 1785 487 1855 remitto,
501 1803 620 1859 quorum
636 1785 775 1860 imagines
789 1785 920 1845 lambunt

291 1863 321 1923 ll
328 1865 415 1922 sdssae
429 1881 583 1938 sequaces:
606 1863 665 1938 ipse
679 1861 882 1939 semipaganus

291 1944 339 2002 Ad
353 1961 434 2000 sacra
448 1956 542 1999 vetum
556 1959 672 1998 carmen
689 1943 775 1999 affero
788 1953 925 2001 nostrum.

289 2021 367 2084 Quis
381 2020 522 2096 expedivit
536 2021 656 2097 psittaco
669 2039 752 2077 suum
767 2023 857 2100 Χαῖρε,

290 2101 430 2175 Picusque
444 2099 541 2156 docuit
556 2099 640 2156 verba
654 2111 749 2156 nostra
763 2101 881 2159 conarll

292 2179 429 2255 Magister
444 2178 511 2235 artis
526 2177 680 2254 ingenlque
693 2178 807 2254 largitor

291 2259 409 2330 Venter,
424 2267 541 2332 negatas
556 2257 656 2314 artifex
670 2257 747 2333 sequi
763 2277 854 2316 voces.

290 2334 418 2398 Quodsi
432 2335 520 2393 dolosi
535 2355 599 2413 spes
612 2337 753 2394 refulserit
767 2337 887 2409 nummi,

289 2417 398 2474 Corvus
411 2418 509 2490 poetas
522 2427 551 2474 et
564 2417 689 2492 poetriae
702 2415 782 2492 picas

291 2495 416 2553 cantare
429 2494 530 2552 credes
544 2495 715 2572 Pegaseium
730 2505 837 2553 nectar.

522 2809 679 2867 SATlRA
705 2808 729 2867 Ι.

173 2969 220 3028 ‘O
233 2987 328 3028 cunns
342 2967 506 3025 hominurn!
528 2964 557 3022 Ο
570 2979 707 3040 quantum
721 2978 765 3024 est
779 2966 808 3024 in
823 2967 908 3024 rebus
922 2969 1025 3026 rnanel

134 3047 211 3110 Quis
225 3048 301 3123 leget
315 3047 404 3104 hoecl'
428 3044 500 3103 llin'
512 3057 542 3102 tu
553 3046 626 3102 istud
639 3046 702 3104 eisl
723 3044 837 3103 ‘Nemo
848 3046 982 3103 hercule!
1003 3043 1117 3104 Netnol

134 3127 209 3185 ‘Vel
224 3128 292 3196 duo,
306 3125 348 3182 vel
363 3143 463 3182 nemo:
484 3135 565 3200 turpe
579 3136 607 3180 et
622 3123 798 3182 miserabile!
839 3124 961 3186 Quarsl

135 3205 182 3263 Ne
197 3205 266 3263 mihi
281 3205 452 3279 Pulydamas
465 3213 494 3260 et
506 3201 648 3259 Troiades
664 3203 825 3259 Labeonem

135 3283 335 3341 Praetulerintl
356 3299 457 3358 nugas:
479 3301 547 3353 non,
561 3281 584 3338 si
599 3281 666 3356 quid
679 3281 791 3339 turbida
806 3282 899 3340 Roma
1096 3285 1117 3340 ὅ

136 3361 245 3434 Elevet,
260 3362 392 3432 accedas,
407 3379 562 3418 examenve
577 3360 734 3436 improbum
749 3359 778 3417 in
794 3360 844 3419 illa

135 3442 267 3516 Castiges
277 3441 403 3498 trutind:
424 3457 479 3496 nec
493 3452 521 3496 te
535 3437 696 3513 quaesiveris
709 3437 797 3498 extrd.

137 3519 212 3576 Nam
228 3519 330 3577 Romae
344 3518 407 3593 quis
421 3517 499 3576 nonl
520 3519 567 3588 ah,
581 3517 604 3574 si
620 3517 663 3574 las
676 3518 786 3576 dicerel
808 3519 856 3576 scd
874 3517 916 3576 fas

135 3598 234 3669 Tunc,
248 3616 336 3674 quum
351 3597 385 3653 ad
401 3596 534 3653 canitiem
548 3605 577 3653 et
591 3609 716 3654 nostrum
732 3598 806 3654 istud
820 3597 913 3655 vivere
925 3598 1005 3656 triste

136 3676 254 3753 Aspexi,
270 3687 299 3733 et
313 3675 435 3733 nucibus
450 3675 570 3732 facimus
583 3693 761 3750 quaecunque
782 3675 898 3748 relictis,
1084 3675 1120 3732 lu

134 3757 238 3818 Quum
252 3754 377 3830 sapimus
389 3765 518 3830 patruos:
540 3764 620 3825 tunc,
635 3765 714 3824 tunc,
731 3755 877 3830 ignoscite.
919 3752 1030 3812 ‘Nolo'

135 3835 217 3899 Quid
230 3832 355 3892 laciaml
376 3833 426 3890 sed
440 3851 503 3890 sum
517 3833 655 3908 petulanti
669 3833 767 3909 splene
780 3834 932 3891 cachinno.
