2666 4310
183 269 223 328 ⁴2
500 267 532 316 D.
549 266 645 316 JUNll
662 266 859 316 tumuitus

183 410 279 468 Servis
294 429 382 486 regne
395 411 429 468 ds
441 423 512 480 runt,
526 410 645 486 captivis
659 409 731 468 Fata
744 409 910 486 triumphos.

184 489 265 546 Felix
281 490 327 548 ille
342 501 436 548 tumen
451 509 535 546 corvo
548 509 657 564 quoque
673 489 759 546 rurior
773 489 847 546 elbo.
957 529 963 540 .

184 567 319 625 Prcnituit
333 569 435 626 multos
450 587 528 624 veoae
542 569 699 642 sterilisque
713 568 867 638 cathedre,
895 578 903 608 l
945 576 970 602 ‘¹¹
986 574 994 598 *

184 647 266 703 Sicut
281 646 490 722 'I'lrresymeclri
505 647 603 722 probet
616 647 718 716 exitus,
733 659 816 720 utque
831 645 958 704 Secundi

183 725 355 802 Carrinstis:
376 737 405 782 et
421 726 497 800 hunc
511 726 624 800 inopem
639 725 756 796 vidistis,
771 727 868 782 Athen
897 769 904 796 ,
1110 723 1172 782 utu

183 802 233 860 Nil
247 815 348 880 preter
362 805 470 880 gelidas
483 821 559 860 ause
573 805 702 862 conferre
715 803 833 862 cicutas.
894 825 926 848 m
938 812 943 833 ¹
964 831 968 838 ·
982 815 989 829 ‘
1008 792 1048 834 ’Ψ

184 880 233 952 Di,
247 883 384 958 majorum
397 881 506 940 umbris
519 893 637 940 tenuem
652 893 682 940 et
697 883 759 940 sine
772 881 900 958 pondere
914 893 1029 956 terrm,

183 961 384 1036 spirantesque
398 979 506 1032 crocos,
519 971 550 1018 et
563 960 593 1018 in
608 961 680 1020 urci
694 971 861 1036 perpetuum
876 979 934 1032 ver,

182 1038 244 1100 Qui
258 1051 458 1116 preceptorem
473 1039 564 1098 sancti
579 1038 693 1098 voluere
707 1039 832 1114 parentis

183 1115 254 1176 Esse
268 1119 339 1176 loco.
382 1117 515 1176 Metuens
528 1118 683 1194 virgoejem
697 1118 813 1194 grundis
826 1113 957 1176 Achilles
1109 1116 1172 1174 21⁰
1212 1142 1215 1147 ·

182 1196 324 1256 Contubet
337 1197 435 1273 patriis
448 1196 477 1252 in
493 1195 652 1254 montibus:
672 1209 703 1254 et
714 1197 762 1256 cui
777 1215 835 1254 non
848 1209 919 1258 tunc

184 1273 310 1334 Eliceret
323 1277 411 1333 risum
425 1275 573 1332 citheroedi
586 1276 679 1332 cnudo
692 1276 839 1351 magistet

183 1353 241 1410 Sed
257 1354 366 1412 Rufum
381 1365 464 1428 etque
478 1354 548 1410 elios
561 1354 646 1412 cedit
660 1373 711 1410 sue
724 1373 843 1429 qunque
855 1355 1008 1430 juventus:

183 1431 305 1506 Rufum,
320 1453 338 1508 q
359 1434 367 1490 i
382 1433 464 1515 toties
477 1432 646 1490 Ciceronem
661 1433 816 1508 Allobroga
829 1421 1130 1506 hocangelo:

220 1511 297 1573 Quis
311 1453 422 1588 grildio'
429 1499 571 1568 Enceladi
585 1511 717 1586 doctique
732 1511 900 1570 Pelaemonis
914 1511 996 1570 effert
1107 1509 1171 1570 215

182 1588 332 1650 Quantum
347 1589 549 1667 grammaticus
563 1590 664 1646 meruit
677 1591 775 1650 labori
795 1601 933 1648 ettamen
947 1609 983 1648 ex
998 1590 1065 1660 hoo,

181 1668 383 1744 Quodcunque
397 1681 449 1740 est,
464 1668 573 1745 (minus
586 1679 629 1726 est
642 1679 748 1739 sutem,
761 1667 846 1744 qudrn
861 1669 981 1730 rhetoris
994 1669 1066 1743 eru)

182 1745 321 1824 Discipuli
333 1757 428 1804 custos
441 1748 609 1823 PIQttlel
622 1748 848 1818 Acoenonoetus,
867 1741 961 1808 inlu
983 1721 1092 1798 ΜΨ
1101 1697 1163 1792 ‘hl‘

137 1857 143 1872 ·
182 1823 229 1896 Et,
243 1827 291 1901 qui
306 1827 460 1902 dispensat,
475 1826 585 1900 franget
598 1825 660 1882 sibi.
702 1825 792 1896 Cede,
807 1826 962 1898 Polemon,

181 1903 219 1962 Et
232 1917 327 1981 petere
342 1905 409 1963 inde
423 1905 528 1979 aliquid
542 1905 718 1975 decrescere,
732 1921 790 1962 non
804 1906 894 1977 aliter,
907 1902 995 1980 qudm
1107 1905 1172 1966 220
1319 1963 1320 1978 ,

181 1982 297 2041 Institor
311 1985 435 2042 hibernie
449 1983 551 2058 tegetis
564 1983 694 2056 niveique
709 1983 835 2054 cadurci,
1319 1983 1320 2050 l

180 2061 343 2122 Dummodo
356 2083 413 2121 non
427 2073 532 2139 pereat,
547 2061 648 2133 medie
661 2059 737 2135 qudd
752 2063 844 2120 noctis
857 2063 894 2120 eb
908 2062 977 2122 hort
1319 2075 1320 2128 l

116 2136 123 2148 '
181 2141 296 2212 sedisti,
310 2143 365 2216 qui
379 2161 464 2200 nemo
478 2141 565 2210 faber,
578 2140 635 2214 qui
649 2159 733 2198 nemo
746 2142 867 2216 sederet,
897 2189 919 2226 ,Α
939 2165 964 2239 Η

178 2219 241 2280 Qui
252 2221 334 2278 docet
347 2221 460 2296 obliquo
473 2220 567 2276 lenem
582 2217 724 2276 deducere
738 2217 827 2288 ferr03
920 2220 927 2302 2,
958 2241 962 2264 ι

180 2297 342 2356 Dummodo
355 2299 512 2385 non(peree
536 2297 653 2354 totidem
667 2297 797 2356 olfecisse
810 2297 951 2371 lucemus,
1105 2299 1173 2362 225

178 2377 260 2437 Quot
273 2379 385 2435 stabant
397 2378 487 2454 pueri,
541 2395 588 2432 um
602 2387 678 2432 totus
691 2375 806 2434 decolor
818 2388 894 2436 esset
904 2419 917 2452 2
944 2436 958 2465 s
1012 2429 1052 2459 z.

180 2453 311 2526 Flaccus,
325 2467 354 2512 et
368 2457 485 2513 hereret
499 2455 580 2530 nigro
595 2453 682 2528 fuligo
695 2453 816 2538 Meroni.
893 2473 902 2488 ¹
929 2487 935 2498 ·
955 2484 961 2492 ·
1013 2472 1062 2494 ’ὼ

99 2527 137 2590 .’·”
179 2532 259 2589 Rura
272 2544 367 2590 tamen
382 2553 501 2606 merces,
515 2552 577 2608 quie
592 2533 754 2608 cognitione
768 2533 873 2592 tribuni

179 2609 245 2667 Non
262 2623 352 2684 egeat.
394 2615 451 2670 Sed
466 2631 514 2669 vos
527 2630 615 2670 sevos
629 2612 765 2686 imponite
779 2613 866 2689 leges,

178 2689 217 2746 Ut
230 2692 394 2765 preceptori
408 2693 556 2748 verborum
571 2691 669 2767 regula
682 2703 802 2762 constet,

178 2767 217 2824 Ut
231 2767 306 2842 leget
320 2769 457 2842 historias,
471 2781 601 2828 auctores
615 2770 724 2828 noverit
737 2789 845 2842 omnes,

177 2845 329 2918 Tanquam
344 2865 454 2922 ungues
467 2849 625 2924 digitosque
639 2867 722 2915 su0s;
744 2861 775 2906 ut
789 2846 859 2906 sorte
878 2860 1004 2926 rogatus,

178 2923 255 2980 Dum
270 2923 339 2997 petit
353 2937 401 2983 eut
413 2929 537 2986 thermas
550 2939 599 2986 eut
609 2927 709 2984 Phoebi
724 2927 834 2999 balnea,
848 2929 926 2986 dicet

178 2999 327 3058 Nutricem
342 3003 487 3078 Anchise,
502 3025 606 3064 nomen
621 3007 795 3082 patriamque
809 3025 938 3064 noverca

178 3077 349 3135 Anchemoli
362 3099 368 3148 ;
389 3083 474 3157 dicat,
488 3097 556 3160 quot
570 3086 691 3142 Acestes
705 3085 804 3142 vixerit
818 3104 917 3153 annos,

176 3155 260 3242 Quot
272 3153 385 3213 Siculus
399 3159 557 3238 Phrygibus
571 3164 628 3221 vini
643 3164 788 3222 donaverit
802 3183 896 3222 urnas.
1002 3189 1004 3194 ·

177 3232 347 3318 Exiguent
361 3253 452 3296 mores
466 3253 577 3300 teneros
591 3261 645 3300 eeu
659 3243 761 3318 pollice
775 3244 871 3316 ducet,

176 3309 215 3364 Ut
230 3327 253 3362 sr
267 3325 329 3378 quis
343 3313 409 3368 cerri
423 3319 529 3378 vultum
544 3321 611 3378 sacis
623 3319 766 3404 (exigite,
781 3323 863 3380 utsii

177 3385 214 3441 Et
229 3395 307 3470 pater
321 3385 408 3473 ipsius
419 3398 520 3471 cestris,
535 3419 571 3456 ne
586 3399 678 3474 turpia
693 3399 843 3536 ww

178 3462 260 3529 lime,
277 3474 376 3533 rnqurt,
390 3486 488 3544 eures;
509 3489 547 3550 et,
561 3497 646 3552 quum
662 3499 722 3536 sev
767 3491 819 3537 erit
833 3497 935 3553 annus,

184 3537 298 3611 (ccipe,
316 3538 411 3600 victori
425 3555 545 3628 populus
558 3557 633 3632 quod
647 3560 778 3634 postulat,
793 3577 903 3616 eurum.
