2666 4310
298 655 356 732 l).
396 655 575 730 JUNll
613 655 974 732 JUVENALIS

554 915 719 961 neuruffls

449 1141 822 1206 SATIRARUM

518 1396 623 1445 LIBER
640 1396 783 1446 PRIMUS.

528 1831 687 1890 SATIRA
708 1830 732 1890 1.

117 1993 119 1997 ’
178 1990 305 2048 Saurea
318 2007 373 2065 ego
387 1989 498 2046 auditor
512 1989 645 2048 tantdml
666 1996 851 2066 nunquamne
862 2007 1009 2065 reponam,

140 2068 266 2126 leuatus
279 2068 362 2126 toties
375 2069 454 2126 rauci
469 2068 615 2126 Theseide
630 2069 738 2126 Codril

140 2148 261 2224 Impune
276 2145 345 2223 ergo
360 2147 430 2204 mihi
445 2148 604 2206 recitaverit
618 2147 665 2205 ille
675 2158 797 2224 togatae,

139 2226 198 2284 Hic
212 2227 328 2303 elegosl
350 2227 466 2302 impune
481 2226 557 2296 dieur
571 2227 777 2302 consumpserit
791 2226 893 2300 ingens

138 2305 306 2382 'Pelephusl
327 2317 376 2363 aut
391 2307 493 2363 summi
507 2305 593 2381 pleuti
604 2326 662 2382 jam
677 2307 805 2382 margine
818 2305 882 2363 libri

140 2387 270 2461 Scriptus
283 2397 312 2443 et
326 2385 355 2442 in
370 2396 459 2460 tergo,
473 2405 528 2442 uec
542 2387 609 2442 dum
624 2385 730 2457 finitus,
745 2385 883 2442 Orestesl

178 2463 256 2522 Nota
270 2465 360 2540 magis
374 2464 443 2520 nulli
458 2465 558 2522 domus
572 2478 615 2522 est
629 2484 689 2536 sua,
703 2463 789 2539 quiam
804 2465 874 2522 mihi
887 2464 970 2522 lucus

139 2541 250 2616 Martis,
264 2554 293 2600 et
307 2543 408 2601 AEoliis
423 2543 547 2600 vicinum
562 2544 679 2620 rupibus
689 2555 801 2600 antrum

140 2622 271 2680 Vulcani.
312 2622 393 2684 Quid
409 2633 495 2698 agant
510 2623 594 2694 venti,
609 2642 678 2698 quas
693 2633 820 2698 torqueat
833 2622 949 2680 umbras

139 2701 257 2771 AEacus,
272 2702 348 2758 uude
363 2701 435 2758 alius
450 2701 558 2759 furtivae
573 2703 693 2759 devehat
707 2721 807 2758 aurum
1092 2703 1128 2761 10

138 2779 293 2848 pelliculae,
307 2792 427 2855 quantas
438 2781 578 2857 jaculetur
593 2780 755 2856 Monychus
769 2799 863 2852 ornos,

41 2879 51 2892 ·
139 2857 291 2918 Frontonis
304 2859 420 2936 platani,
435 2861 626 2935 convulsaque
654 2859 932 2918 marmoraclamaut

22 2993 33 3018 -.
138 2940 267 3016 Semper,
282 2950 311 2996 et
324 2939 437 2996 assiduo
451 2951 539 3015 ruptae
554 2939 658 2997 lectore
673 2940 822 2997 columuae.

139 3018 294 3094 Exspectes
305 3017 404 3075 eadem
420 3039 436 3075 a
450 3037 561 3075 summo
575 3019 748 3093 minimoque
762 3017 843 3094 podtd

180 3097 215 3155 Et
229 3117 280 3155 nos
294 3095 363 3173 ergd
378 3116 493 3154 manum
510 3097 605 3155 lerulae
619 3097 815 3168 subduximus,
830 3107 860 3154 et
874 3116 926 3154 nos

137 3177 296 3234 Consilium
311 3176 442 3234 dedimus
457 3176 554 3248 Sullae,
567 3177 690 3252 privatus
704 3188 736 3233 ut
749 3176 837 3233 altum

138 3255 290 3314 Dormiret.
342 3255 434 3313 Stulta
447 3266 490 3312 est
503 3253 666 3328 clementia,
680 3275 766 3332 quum
781 3266 822 3314 tot
836 3254 939 3331 ubique

138 3335 260 3392 Vatibus
272 3353 415 3407 occurras,
430 3335 561 3412 periturae
575 3355 691 3410 parcere
705 3335 820 3393 charta.

177 3413 237 3471 Cur
251 3425 347 3471 tamen
362 3414 415 3470 hoc
428 3412 522 3490 potitis
536 3413 622 3471 libeat
636 3415 787 3472 decurrere
801 3432 912 3489 campo,

139 3493 192 3550 Per
206 3511 290 3567 quem
305 3511 426 3567 magnus
440 3512 526 3568 equos
542 3493 687 3550 Auruncae
703 3492 780 3550 flexit
794 3491 937 3564 alumnus,
980 3543 990 3568 ,

138 3571 170 3630 Si
185 3583 276 3644 vacat,
290 3584 319 3629 et
332 3571 435 3647 placidi
451 3573 587 3629 rationem
601 3571 757 3644 admittitis,
771 3573 864 3629 edam

136 3649 238 3712 Quum
253 3661 332 3708 tener
346 3669 462 3709 uxorem
477 3652 563 3708 ducat
577 3652 674 3726 spado,
691 3649 795 3708 Maevia
808 3649 939 3707 Tuscum

138 3728 224 3805 Figat
238 3748 347 3804 aprum,
361 3741 390 3787 et
403 3730 481 3786 uudd
495 3741 590 3787 teneat
604 3729 743 3787 venabula
756 3728 900 3797 mammd;

138 3807 276 3866 Patricios
289 3827 388 3866 omnes
402 3809 503 3886 opibus
516 3829 602 3882 quum
616 3820 750 3885 provocet
765 3827 852 3883 unus,

380 3889 649 4010 ¹3704e
