2666 4310
24 219 26 294 l
204 249 244 304 an
520 245 552 294 n.
569 245 664 294 sumt
684 244 880 294 serenitas

553 355 650 382 ,θ’-*υ

206 385 298 464 thue
314 387 406 464 magis
422 399 545 464 stupeas,
559 390 641 446 ludos
657 387 843 463 Paridemque
858 387 977 463 reliquit.

206 469 262 523 Sed
277 487 437 542 quanquam
453 469 480 524 in
496 469 607 542 magnis
619 467 729 542 opibus,
744 467 895 542 plumaque
908 467 1037 542 paterna,
1157 469 1196 526 70

206 544 242 601 Et
256 547 440 622 segmentatis
453 547 603 602 dormisset
617 547 731 620 parvula
746 545 839 616 cunis,
1303 592 1305 632 1

205 624 383 700 Contempsit
396 624 531 700 pelagus:
553 625 656 680 santam
671 635 879 699 contempserat
892 623 970 696 olim,
998 659 1003 673 ι
1022 649 1044 674 u
1063 656 1076 711 ἶ
1103 618 1112 666 ἱ
1133 656 1138 662 -
1157 641 1197 670 '12-

204 701 295 777 Cujus
308 704 382 778 apud
398 703 495 760 molles
510 703 625 760 minima
640 715 682 761 est
693 703 805 776 jactura
818 704 976 760 cathedras.

203 777 369 856 Tyrrhenos
383 781 468 857 igitur
483 781 585 837 fluctus
600 779 713 856 lateque
726 793 876 838 sonantem

202 857 321 916 Pertulit
335 859 446 918 lonium
461 861 600 917 constanti
616 873 739 935 pectore,
753 859 881 933 quamvis
1151 863 1191 920 75

203 936 374 995 Mutandum
389 939 471 996 toties
484 951 559 994 esset
572 957 658 994 mare.
700 938 783 994 Justa
796 937 895 1013 pericli

203 1016 233 1072 Si
248 1018 320 1075 ratio
332 1029 376 1074 est
389 1030 417 1074 et
432 1019 564 1086 ltonesta;
586 1018 696 1087 timent,
712 1017 867 1092 pavidoque
881 1017 1011 1092 gelantur

202 1093 330 1168 Pectore,
345 1115 399 1153 neo
412 1097 539 1153 tremulis
553 1109 669 1170 posunt
683 1096 812 1152 insistere
826 1096 943 1170 plantis:

201 1171 315 1232 Fortem
330 1176 455 1232 animum
468 1188 601 1250 prestant
616 1176 709 1245 rebus,
723 1193 793 1248 quas
807 1175 923 1250 turpiter
937 1176 1052 1232 audent.

201 1253 233 1309 Si
245 1253 343 1328 jubeat
357 1255 471 1329 conjux,
486 1255 587 1310 durum
602 1265 645 1310 est
659 1255 850 1310 conscendere
865 1254 976 1324 navim;
1148 1255 1189 1316 Stl

200 1331 288 1388 Tunc
302 1331 529 1407 sentina'gravis,
538 1345 607 1389 tnnc
621 1349 748 1388 summus
762 1333 877 1389 vertitur
892 1337 950 1389 a'e'r.

199 1409 276 1470 Quae
290 1413 433 1468 moechum
448 1413 583 1486 sequitur,
597 1412 743 1468 stomacho
757 1411 837 1467 valet.
879 1411 931 1468 llla
945 1412 1077 1470 maritum

102 1515 116 1539 ν
132 1496 161 1553 tl
199 1489 368 1547 Convomit:
389 1492 451 1546 haec
466 1491 537 1547 inter
553 1501 654 1546 ttautas
669 1501 696 1546 et
710 1491 838 1565 prandet,
853 1502 881 1546 et
895 1501 969 1548 errat

199 1566 253 1624 Per
267 1588 400 1644 puppem,
413 1581 442 1625 et
457 1571 541 1624 duros
555 1570 659 1644 gaudet
674 1581 793 1625 tractare
807 1570 949 1628 rudentes.

198 1646 268 1706 Qua
282 1659 377 1704 tamen
391 1649 494 1704 exarsit
509 1648 606 1716 forma,
621 1649 677 1721 qui
691 1661 772 1722 capta
784 1648 900 1722 juventii
913 1659 958 1705 est
1146 1649 1187 1708 85

198 1725 327 1800 Hippia?
347 1727 414 1802 quid
429 1727 506 1796 vidit,
521 1728 718 1801 propterquod
734 1727 811 1784 ludia
824 1726 881 1783 dici

199 1804 361 1862 Sustinuitl
383 1824 448 1868 narn
464 1806 608 1880 Sergiolus
620 1806 677 1880 jam
693 1807 791 1862 radere
805 1817 901 1882 guttur

114 1941 117 1947 ,
197 1883 339 1959 Coeperat,
353 1897 382 1942 et
396 1896 473 1941 secto
487 1885 612 1958 requiem
627 1903 738 1958 sperare
752 1885 867 1942 lacerto.

198 1961 339 2020 Praeterea
353 1965 440 2020 multa
455 1965 483 2020 in
500 1963 572 2019 facie
586 1964 738 2030 ‹lesormia;
760 1964 834 2020 siout

197 2043 321 2099 Attritus
336 2043 428 2119 galed,
444 2043 599 2116 mediisque
612 2043 640 2098 in
656 2043 771 2098 naribus
786 2044 887 2118 ingens

195 2121 315 2193 Gibbus‚
330 2135 359 2178 et
372 2141 436 2179 acre
450 2122 555 2177 malum
570 2140 680 2196 semper
694 2121 824 2178 stillantis
838 2121 931 2178 ocelli.

197 2200 254 2256 Sed
269 2201 407 2275 gladiator
421 2213 500 2256 erat:
523 2201 589 2256 sacit
604 2201 657 2256 boc
672 2200 733 2257 illos
748 2201 943 2274 Hyacinthos;

195 2276 261 2334 Hoc
275 2279 379 2354 pueris,
393 2279 556 2354 patriaeque,
572 2281 624 2335 boc
638 2279 759 2353 praetulit
774 2279 820 2336 illa
833 2280 919 2336 sorori
962 2311 963 2315 =

195 2357 290 2432 Atque
305 2358 372 2415 viro.
415 2357 532 2414 Ferrum
547 2369 599 2427 est,
614 2359 688 2431 quod
704 2369 807 2414 amant.
851 2357 908 2414 Hic
923 2357 1039 2434 Sergius
1053 2357 1129 2416 idem
1145 2367 1146 2370 ’

196 2436 327 2510 Acceptis
343 2438 411 2494 rude
425 2437 558 2512 coepisset
573 2437 693 2494 Veiento
709 2437 846 2493 videri-
1132 2438 1184 2498 ,95

234 2515 429 2590 Hippomanes
442 2535 612 2590 carmenque
627 2516 732 2590 loquar,
747 2528 915 2590 coctumque
930 2529 1070 2574 venenum

194 2591 382 2669 Privignoque
396 2595 491 2652 datum
504 2597 515 2651 l
538 2595 660 2651 Faciunt
673 2595 800 2669 graviora
814 2605 920 2651 coacte

194 2671 317 2746 Imperio
331 2673 425 2743 sexies,
441 2671 646 2748 minimbmque
660 2673 779 2730 libidine
793 2685 923 2748 peccant.

232 2751 349 2827 Optima
363 2753 412 2808 sed
427 2771 514 2826 quare
529 2753 681 2823 Cesennia,
696 2763 766 2808 teste
781 2752 901 2808 maritol

194 2830 242 2886 Bis
256 2833 410 2907 quingenta
423 2832 519 2900 dedit;
541 2832 612 2888 tanti
628 2843 708 2888 vocat
723 2831 768 2886 ille
783 2831 926 2904 pudicam,
1122 2833 1182 2891 100

179 2909 257 3043 ‚ileo
273 2911 392 2967 Veneris
405 2911 541 2986 pharetris
558 2929 652 2966 macer
666 2921 717 2981 est,
734 2921 782 2966 aut
796 2909 926 2986 lampade
941 2909 1043 2968 servet:

209 2986 265 3045 nde
281 2989 357 3046 iaces
372 2991 487 3057 ardent;
510 2990 626 3046 veniunt
640 3009 656 3044 a
670 2989 735 3046 dote
749 2989 867 3063 sagittae.

192 3066 322 3124 Libertas
337 3069 456 3126 emitur:
478 3067 574 3125 corant
589 3067 656 3125 licet
670 3067 771 3124 innuat
783 3079 867 3142 atque

191 3145 352 3218 Rescribat,
367 3148 452 3204 vidua
466 3159 517 3218 est,
532 3147 658 3220 locuples
671 3165 733 3220 quae
749 3147 844 3220 nupsit
857 3165 950 3204 avaro.

230 3223 289 3281 Cur
304 3225 445 3283 desiderio
459 3225 568 3282 Bibnloe
584 3225 725 3280 Sertorius
738 3225 839 3282 ardetl
1121 3226 1182 3284 105

191 3301 222 3357 Si
236 3321 332 3359 rerum
346 3304 486 3374 excutias,
502 3305 597 3374 facies,
613 3323 669 3360 non
684 3323 753 3360 uxor
767 3315 884 3360 amatur.

190 3379 264 3437 Tres
278 3401 355 3457 rugae
371 3384 501 3454 subeant,
515 3393 543 3439 et
557 3401 587 3438 se
601 3383 675 3438 cutis
690 3383 767 3438 arida
781 3382 866 3454 laxet,

190 3458 398 3520 Fiantobscuri
414 3463 522 3532 dentes,
533 3461 664 3534 oculique
678 3461 800 3518 minores
812 3480 819 3530 3

189 3537 300 3614 Collige
314 3541 478 3610 sarcinulas,
493 3541 569 3597 dicet
583 3540 709 3614 libertuS,
723 3551 751 3596 et
765 3539 829 3595 exi:

188 3616 253 3674 Jarn
267 3619 359 3694 gravis
373 3639 403 3676 es
417 3620 509 3689 nobis,
523 3631 551 3675 et
565 3615 829 3692 saepe-emungeris,
843 3617 889 3675 exi
1120 3619 1181 3678 tto

188 3695 289 3770 Ocilts,
303 3710 332 3756 et
345 3717 481 3773 propere:
502 3699 580 3754 sicco
595 3697 670 3753 venit
685 3697 772 3753 altera
787 3717 864 3754 naso.

191 3787 303 3834 tnterea
316 3779 400 3849 calet,
414 3790 443 3834 et
456 3789 566 3852 regnat,
581 3777 725 3851 poscitque
740 3776 871 3834 tnaritum
