2666 4310
512 303 636 354 SATlllA
656 303 700 353 vi.

122 448 260 520 Pastores,
275 460 304 506 et
318 467 399 507 ovem
414 449 601 520 Canusinam,
618 449 762 522 ulmosque
779 446 921 503 Falernas.

119 528 300 590 Quantulum
317 530 345 586 iu
360 531 435 586 hocl
457 547 558 603 pueros
571 547 680 597 omnes,
694 527 836 601 ergastula
850 537 918 596 tota,

119 609 263 683 Quodque
277 608 352 665 domi
368 620 491 677 nonest,
506 623 534 664 et
549 608 633 663 habet
647 607 766 676 vicinus,
781 619 899 661 ematur.
922 595 983 686 W
1054 606 1108 662 115

119 687 223 744 Mense
237 687 351 762 quidem
367 688 483 757 brumae,
494 705 550 760 quo
561 687 619 761 jam
634 687 773 741 mercator
789 685 872 752 lason

120 766 252 836 Clausus,
267 777 295 823 et
310 766 425 822 armatis
437 766 530 822 obstat
544 784 612 822 casa
626 765 748 820 candida
762 764 867 834 nautis,

119 845 248 902 Grandia
262 845 399 902 tolluntur
413 844 585 918 crystallina,
601 843 724 899 maxima
737 861 834 899 rursus

120 923 281 994 Murrhina,
296 923 400 980 deinde
415 924 531 980 adamas
544 922 717 992 notissimus,
732 933 761 978 et
776 921 929 978 Beronices

121 1002 155 1060 In
169 1002 259 1078 digito
273 1002 367 1059 factus
380 1001 546 1077 pretiosior:
570 1003 647 1058 hunc
661 1000 739 1057 dedit
752 1001 819 1057 olim
1054 1001 1110 1057 120

120 1081 261 1140 Barbarus
275 1081 402 1152 incestae,
417 1081 496 1138 dedit
509 1082 588 1138 hunc
603 1081 731 1155 Agrippa
745 1080 842 1151 sorori,

119 1161 281 1218 Observant
295 1159 344 1216 ubi
360 1160 430 1216 festa
445 1179 522 1217 mero
535 1160 608 1235 pede
622 1160 739 1215 sabbata
752 1178 844 1233 reges,

120 1239 158 1296 Et
172 1243 252 1296 vetus
266 1239 394 1314 indulget
408 1239 524 1295 senibus
538 1238 689 1296 clementia
703 1238 804 1312 porcis.

160 1317 286 1374 Nullane
300 1318 336 1374 de
350 1318 436 1374 tantis
450 1318 584 1393 gregibus
598 1317 649 1373 tibi
664 1317 752 1392 digna
767 1317 897 1374 videturl

121 1396 166 1454 Sit
181 1397 312 1468 formosa,
326 1397 443 1468 decens,
457 1397 545 1467 dives,
561 1396 704 1467 loecunda,
720 1407 843 1453 vetustos
1054 1395 1109 1452 125

122 1475 283 1533 Porticibus
296 1476 427 1550 disponat
441 1494 516 1545 avos,
531 1475 662 1532 intactior
675 1475 753 1532 omni

120 1555 257 1612 Crinibus
270 1553 368 1611 effusis
384 1554 488 1610 bellum
502 1554 652 1610 dirimente
668 1554 792 1610 Sabina:

122 1633 217 1710 (Rara
230 1633 290 1690 avis
305 1633 334 1690 in
348 1633 429 1690 terris
443 1634 580 1709 nigroque
594 1633 737 1689 simillima
751 1634 856 1712 cycno)

120 1713 198 1775 Quis
212 1713 282 1769 seret
296 1731 422 1785 uxorem,
436 1713 483 1768 cui
498 1724 631 1769 constant
644 1712 760 1769 omnial
783 1711 872 1784 Malo,
947 1757 951 1766 .

122 1791 201 1849 Malo
215 1791 403 1863 Venusinam,
414 1790 499 1866 qudm
514 1803 551 1862 te,
567 1791 710 1862 Cornelia,
726 1803 814 1848 mater
1056 1790 1111 1847 130

120 1871 327 1941 Gracchorum,
342 1869 366 1926 si
381 1889 447 1926 cum
463 1869 574 1946 magnis
588 1870 738 1926 virtutibus
752 1870 835 1926 affers

121 1951 238 2008 Grande
251 1949 446 2025 supercilium,
460 1960 488 2006 et
504 1969 637 2006 numeras
652 1949 681 2006 in
696 1949 761 2006 dote
775 1949 942 2024 triumphos.

121 2028 207 2087 Tolle
221 2040 313 2100 tuum,
327 2047 436 2103 precor,
452 2028 655 2098 Hannibalem,
670 2027 832 2102 victumque
847 2027 1008 2102 Syphaeem

121 2108 157 2166 ln
173 2108 283 2180 castris,
297 2119 326 2164 et
340 2125 407 2163 cum
421 2108 479 2165 toul
494 2107 669 2182 Carthagine
684 2105 781 2182 migra.
1132 2139 1134 2142 -

163 2187 262 2258 Parce,
276 2205 384 2262 precor,
400 2185 495 2256 Peon,
510 2199 539 2242 et
553 2198 593 2256 tu,
608 2185 681 2257 Dea,
696 2205 768 2260 pone
783 2184 919 2261 sagittas;
1054 2185 1111 2242 135

122 2265 173 2323 Nil
188 2266 268 2342 pueri
283 2265 401 2337 faciunt,
416 2265 506 2340 ipsam
520 2265 654 2341 conligite
670 2266 803 2322 matrem!

123 2345 268 2420 Amphion
282 2345 403 2401 clamat:
424 2344 475 2402 sed
490 2343 576 2400 Paean
591 2345 733 2401 contrahit
748 2361 854 2402 arcum.

122 2423 233 2481 Extulit
246 2420 315 2499 ergd
330 2442 432 2498 greges
443 2433 583 2493 natorum,
596 2423 743 2498 ipsumque
757 2436 912 2498 parentem,

122 2503 201 2560 Dum
215 2502 269 2559 sibi
283 2502 403 2560 nobilio:
418 2502 534 2559 Latonae
548 2517 633 2578 gente
648 2503 767 2572 videtur,

123 2584 220 2658 Atque
233 2581 333 2638 eadem
348 2581 440 2638 soron
455 2580 549 2638 Niobe
564 2581 722 2638 soecundior
738 2581 810 2637 alba.
1056 2581 1112 2638 14⁰

121 2661 199 2722 Quor
214 2660 285 2718 tanti
300 2659 433 2736 gravitas,
448 2678 510 2734 quae
526 2660 624 2730 forma,
640 2673 670 2716 ut
684 2680 714 2717 se
728 2660 778 2716 tibi
793 2677 905 2736 semper

124 2739 273 2814 Imputetl
304 2738 399 2814 Hujus
412 2739 490 2796 enim
505 2739 560 2794 rari
574 2740 735 2813 summique
746 2739 875 2814 voluptas

123 2818 213 2876 Nulla
228 2817 303 2888 boni,
316 2819 426 2893 quoties
441 2819 535 2876 animo
549 2831 682 2893 corrupta
695 2819 816 2893 superbo

123 2898 192 2956 Plus
205 2897 293 2968 aloes,
308 2895 395 2972 qudam
410 2897 511 2968 mellis,
526 2897 618 2953 habet.
659 2897 737 2957 Quis
750 2897 864 2953 deditus
879 2908 973 2953 autem

125 2977 220 3053 Usque
235 2974 306 3033 adad
321 2988 373 3046 est,
389 2987 419 3032 ut
434 2995 491 3033 non
508 2976 593 3046 illam,
607 2995 692 3051 quam
707 2976 839 3032 laudibus
853 2977 944 3045 effert,
1056 2976 1122 3036 145,

125 3057 257 3125 llorreat,
273 3055 357 3129 inque
370 3055 418 3112 die
431 3055 555 3130 septenis
568 3056 659 3112 oderit
674 3055 769 3112 horisl

162 3135 307 3196 Quaedam
322 3152 407 3208 parva
419 3133 545 3208 quidem,
560 3135 609 3190 sed
625 3153 681 3190 non
697 3134 843 3190 toleranda
856 3134 974 3191 maritis.

124 3213 201 3274 Nam
215 3213 282 3288 quid
298 3213 452 3283 rancidius,
467 3210 552 3288 quam
566 3211 643 3287 qudd
658 3233 688 3269 se
704 3233 760 3270 non
775 3224 855 3287 putat
870 3212 927 3269 ulla

126 3291 301 3363 Formosam,
315 3291 370 3349 nisi
384 3310 447 3364 quar
462 3292 497 3348 de
512 3290 612 3348 Tuscia
627 3291 760 3349 Graecula
775 3292 850 3348 facta
864 3292 927 3348 estl

125 3373 169 3430 ho
185 3370 368 3429 Sulmonensi
382 3388 460 3427 mera
474 3370 632 3446 Cecropisl
672 3371 780 3428 Omnia
793 3368 952 3460 Gracc?
1057 3371 1115 3428 1511

124 3450 277 3526 Qumsit
290 3449 372 3526 turpe
387 3447 479 3523 magis
493 3450 595 3506 nostris
609 3451 720 3508 nescire
735 3447 847 3506 Latine.
864 3470 903 3500 ,r-
971 3481 1025 3500 aa
1055 3473 1071 3504 o
1161 3463 1163 3467 ·

126 3531 191 3588 Hoc
205 3547 336 3586 sermone
352 3541 465 3604 pavent,
481 3529 534 3585 hoc
550 3528 632 3600 iram,
648 3529 764 3604 gaudia,
780 3547 875 3599 curas,
1017 3527 1023 3544 “’

59 3641 64 3648 -
125 3608 191 3666 Iloc
206 3620 310 3666 cuncta
323 3607 474 3665 effundunt
488 3607 575 3664 animi
590 3619 716 3664 secreta:
736 3609 803 3682 quid
817 3608 951 3665 ultral-
971 3604 1032 3692 W

165 3687 197 3744 Si
211 3687 263 3744 tibi
277 3686 412 3764 legitimis
426 3699 537 3760 pactam
546 3686 733 3761 junctamque
747 3686 858 3743 tabellis

126 3765 193 3824 Non
207 3785 238 3824 es
252 3777 408 3835 amaturus,
422 3765 547 3821 ducendi
563 3765 642 3822 nulla
655 3766 766 3822 videtur
1060 3764 1113 3821 15⁵

125 3848 223 3904 Causa
231 3865 239 3918 ;
260 3864 315 3903 noc
329 3855 382 3916 est,
396 3863 483 3919 quare
497 3862 609 3906 curnam
623 3855 652 3902 et
666 3855 812 3902 mustacea
825 3844 937 3921 perdas,
