2666 4310
605 265 729 312 sartan
747 265 784 312 xt
1151 265 1185 326 51

203 407 264 468 ttui
279 406 400 482 spatium
415 417 478 464 vrtae
493 417 651 464 extremum
667 409 741 466 inter
756 427 875 465 munera
887 419 974 485 ponat

203 484 332 557 Naturae,
347 487 395 560 qui
410 487 482 543 serre
496 497 581 561 queat
595 505 778 561 quoscunque
792 488 913 560 labores,
1130 487 1190 546 335

203 563 323 622 Nesciat
337 565 430 636 irasci,
446 566 540 640 cupiat
555 566 635 636 nihil,
650 578 678 622 et
692 567 814 641 potiores

205 642 338 700 Herculis
352 663 493 701 aerumnas
506 646 603 701 credat
614 663 757 719 saevosque
766 646 875 703 labores

205 721 241 779 Et
255 722 379 794 Venere,
395 734 422 777 et
437 725 536 794 emole,
552 735 580 780 et
594 723 690 798 pluma
705 725 899 800 Sardanapali.

206 799 341 874 Monstro,
355 803 429 876 quod
444 802 503 877 ipse
517 803 567 859 tibi
582 803 671 878 possis
685 803 770 859 dare:
792 803 893 860 semita
907 801 986 861 certe

203 879 379 955 Tranquillae
393 900 443 955 per
457 881 588 938 virtutem
602 891 678 956 patet
692 881 777 938 unica
791 881 862 940 vite.
1131 881 1191 940 340

204 957 323 1016 Nullum
337 979 443 1040 pumen
459 961 556 1031 habeo,
570 961 594 1016 si
609 961 645 1017 sit
658 961 827 1036 prudentia:
848 979 901 1018 nos
913 972 953 1033 te,

203 1037 264 1108 Nos
278 1038 407 1113 facimus,
422 1038 558 1112 Fortuna,
572 1039 674 1112 Deam,
688 1039 816 1116 coeloque
829 1039 964 1098 locamus

560 1263 839 1274 ...ι-

579 1437 738 1496 SATIRA
758 1437 813 1495 XI.

244 1594 380 1652 Aculeus
395 1591 499 1652 eximie
515 1594 539 1652 si
553 1606 657 1667 coenat,
668 1595 762 1653 lautus
776 1597 913 1665 habetur;

204 1673 236 1730 Si
250 1673 376 1746 Rutilus,
391 1673 516 1731 demens.
557 1675 638 1736 Quid
652 1675 728 1732 enirn
743 1676 848 1751 majore
863 1675 1006 1732 cachinno

204 1752 351 1828 Excipitur
366 1753 452 1828 vulgi,
466 1751 550 1827 quam
565 1773 671 1829 pauper
686 1754 826 1830 Apiciusl
847 1753 952 1811 Omnis

204 1831 370 1902 Convictus,
384 1833 510 1904 thermae,
526 1833 669 1904 stationes
683 1849 768 1890 omne
783 1835 923 1890 theatrum

204 1909 248 1967 De
263 1909 371 1967 Rutilo.
413 1909 488 1966 Nam
503 1912 571 1968 dum
587 1912 678 1968 valida
692 1931 726 1968 ac
738 1912 874 1986 juvenilia
889 1910 1017 1968 membra

204 1987 356 2047 Sufficiunt
368 1990 466 2064 galee,
481 1991 605 2064 dumque
619 1991 719 2047 ardent
732 1991 881 2066 sanguine,
896 1991 992 2061 fertur,

203 2067 271 2126 Non
285 2079 406 2144 cogente
419 2069 545 2142 quidem,
560 2070 609 2125 sed
624 2088 679 2126 nec
692 2070 860 2145 prohibente
874 2069 998 2140 tribuno,

204 2147 367 2222 Scripturus
381 2148 468 2221 leges,
483 2159 512 2204 et
525 2148 604 2223 regia
617 2149 702 2204 verba
716 2143 833 2205 lanistae.

204 2225 311 2284 Multos
325 2224 407 2302 porrb
423 2226 510 2298 vides,
524 2245 594 2301 quos
608 2225 684 2302 saepd
699 2227 794 2284 elusus
810 2228 845 2284 ad
860 2227 952 2302 ipsum

203 2305 334 2363 Creditor
348 2305 493 2363 introitum
508 2306 579 2362 solet
592 2317 756 2380 exspectare
771 2306 892 2376 macelli,

205 2384 241 2442 Et
254 2385 356 2459 quibus
371 2385 400 2442 in
414 2385 473 2442 solo
486 2384 598 2442 vivendi
613 2403 701 2442 causa
714 2386 807 2461 palato
820 2397 871 2443 est.
886 2395 903 2424 '⁴

203 2462 347 2539 Egregius
360 2475 465 2534 coenat,
480 2461 637 2538 meliusque
653 2465 826 2521 miserrimus
840 2465 952 2529 horum.

204 2542 241 2604 Et
254 2541 312 2600 citb
326 2561 444 2600 casurus
455 2542 511 2618 jam
527 2543 691 2618 perlucente
706 2543 798 2600 ruini.

203 2620 318 2680 Interea
331 2632 433 2698 gustus
446 2623 589 2679 elementa
602 2641 651 2696 per
665 2623 762 2679 omnia
775 2631 914 2697 quaerunt,

203 2699 358 2776 Nunquam
373 2701 468 2758 animo
481 2701 578 2774 pretiis
591 2701 775 2758 obstantibus.
818 2699 942 2759 Interius
955 2700 979 2758 si

204 2780 354 2850 Attendas,
368 2778 460 2854 magis
471 2779 519 2836 illa
530 2778 639 2854 jurant,
653 2798 715 2854 quae
730 2781 817 2854 pluris
830 2791 972 2837 emuntur.

203 2857 281 2934 Ergd
297 2859 374 2916 haud
388 2859 503 2915 difficile
517 2869 570 2929 est,
584 2859 737 2934 perituram
752 2877 895 2916 arcessere
910 2872 1051 2915 summam

203 2937 348 2996 Lancibus
361 2937 505 3014 oppositis,
519 2937 562 2994 vel
576 2937 673 2994 matris
687 2937 811 3012 imagine
826 2937 924 3008 lractd,

204 3015 240 3074 Et
253 3016 467 3092 quadringentis
480 3017 605 3073 nummis
613 3016 729 3072 condire
743 3017 874 3090 gulosum

203 3095 322 3153 Fictile:
345 3096 387 3152 sic
400 3095 517 3152 veniunt
531 3095 566 3151 ad
582 3093 764 3152 miscellanea
778 3091 847 3152 ludi.
1150 3095 1190 3152 20

203 3173 305 3233 Refert
318 3172 398 3250 ergd,
412 3174 475 3249 quis
489 3176 551 3230 haec
564 3173 665 3230 eadem
679 3184 775 3249 paret:
796 3174 825 3230 in
841 3171 942 3231 Rutilo
955 3188 1023 3230 nam

203 3253 329 3312 Luxuria
342 3265 401 3322 est;
423 3253 453 3310 in
468 3252 604 3310 Ventidio
617 3252 758 3310 laudabile
774 3271 878 3310 nomen

202 3333 305 3405 Sumit,
320 3343 349 3390 et
362 3353 378 3390 a
392 3351 481 3389 censu
495 3330 599 3388 lamam
613 3333 705 3388 trahit.
748 3331 832 3388 lllum
846 3349 900 3407 ego
911 3331 974 3408 jure

203 3411 377 3488 Despiciam,
392 3411 439 3486 qui
453 3411 517 3482 scit,
531 3422 636 3485 quanto
652 3411 797 3468 sublimior
812 3411 894 3468 Atlas
974 3433 976 3436 ·

202 3489 347 3547 Omnibus
361 3492 390 3548 in
405 3490 496 3564 Libya
509 3490 546 3546 sit
559 3490 717 3558 montibus;
740 3491 786 3546 hic
799 3501 895 3547 tamen
909 3490 985 3548 idem
1150 3489 1190 3546 25

203 3567 328 3645 ignoret,
343 3567 479 3644 quantum
495 3569 597 3626 serratd
611 3569 695 3626 distet
709 3569 744 3625 ab
759 3569 827 3625 arca

203 3647 351 3704 Sacculus.
393 3646 419 3704 E
433 3647 505 3704 crelo
520 3647 767 3704 descenduntur
782 3645 896 3714 σεαυτὸν,

204 3725 365 3803 Figendum
378 3738 407 3783 et
421 3725 540 3783 memori
554 3727 734 3783 tractandum
748 3735 871 3800 pectore,
886 3725 945 3782 sire

203 3805 376 3882 conjugium
391 3823 510 3880 quaeras,
525 3804 568 3861 vel
582 3805 656 3862 sacri
671 3805 701 3862 in
715 3817 794 3881 parte
809 3804 926 3861 senatus
