2666 4310
169 261 209 320 88
482 259 514 308 D.
533 260 628 309 th’ll
648 257 844 308 retunsus

169 399 334 478 Componis,
349 401 423 458 dona
437 401 568 473 Veneris,
583 401 751 472 Thelesine,
766 401 867 459 marito
875 419 883 470 ;

170 483 232 538 Aut
245 480 357 552 claude,
370 493 399 537 et
464 482 516 576 lid?
531 483 608 538 tinea
622 482 761 556 pertunde
776 481 893 538 libellos.

170 558 284 634 Frange
300 559 384 616 miser
398 577 531 630 caninos,
547 561 714 634 vigilataque
729 559 826 634 proelia
840 559 914 629 dele,

169 639 232 699 Qui
247 637 316 694 lacis
330 639 360 696 in
374 639 458 714 parvi
472 639 602 696 sublimia
617 639 743 694 carmina
758 638 842 710 cellit,
1317 695 1318 700 ,

171 716 209 774 Ut
222 717 326 792 diguus
342 735 438 774 ventas
453 718 573 788 hederis,
588 729 617 774 et
631 715 754 792 imagine
770 715 873 773 macrii,
1316 715 1319 886 p

172 796 244 871 Spes
258 795 335 852 nulle
350 794 481 852 ulterior:
503 797 603 852 didicit
614 795 673 870 jam
688 796 766 851 dives
782 813 882 852 avarus
1119 793 1160 852 3⁰

171 871 300 932 'Panthm
314 873 575 946 admirari,tantilm
590 875 704 932 laudme
715 874 844 945 disertos,
906 891 915 912 ‘
932 887 965 914 ‘¹’
981 893 1013 912 ἰ*
1025 849 1058 912 ’ί
1081 869 1173 910 ²²⁴⁴*

173 953 210 1010 Ut
224 952 303 1029 pueri
318 952 442 1010 Junonis
457 973 544 1010 avem.
587 953 645 1010 Sed
660 952 759 1010 defluit
774 965 842 1010 aetas
901 951 914 1015 ι’
998 991 1004 1007 ,

172 1032 210 1089 Et
223 1021 316 1108 Μ
330 1031 450 1107 patiens,
464 1045 493 1090 et
507 1012 636 1104 dissidia}
652 1043 735 1106 atque
749 1031 860 1107 ligonis.
885 1024 945 1068 W
965 1030 978 1045 '⁴
994 1011 1005 1046 l

172 1110 276 1168 Taedia
289 1121 359 1167 tunc
373 1111 497 1170 subeunt
510 1112 631 1184 animos,
645 1124 715 1168 tuuc
725 1129 812 1184 seque
826 1127 963 1186 suamque

154 1258 159 1269 Ι
172 1188 383 1264 Terpsichoren
396 1190 456 1246 odit
470 1191 593 1248 facunda
605 1201 634 1248 et
648 1191 726 1247 nuda
739 1201 880 1246 senectus.
1118 1187 1161 1246 35

74 1278 85 1320 f
121 1269 172 1317 “t
231 1268 323 1345 ‚ccipe
337 1287 416 1326 nunc
430 1281 513 1342 artes,
528 1289 564 1326 ne
578 1270 645 1344 quid
660 1269 710 1326 tibi
725 1269 852 1326 conserat
866 1268 930 1339 iste,

172 1349 271 1408 Quem
285 1347 365 1418 colis,
379 1359 408 1404 et
422 1347 569 1406 Musarum
583 1361 612 1406 et
626 1347 768 1424 Apollinis
783 1349 843 1404 rede
857 1346 965 1404 relicta·

174 1427 239 1502 lpse
254 1426 321 1484 iacit
334 1445 440 1497 versus,
455 1439 537 1502 atque
551 1427 600 1484 uni
615 1428 690 1484 cedit
705 1427 832 1484 Homero

174 1505 290 1582 Propter
305 1505 380 1562 mille
394 1525 502 1575 ann0s;
524 1517 581 1577 aut,
596 1505 620 1562 si
633 1505 786 1563 dulcedine
801 1505 882 1562 lamae

175 1585 341 1642 Succensus
354 1585 464 1656 recites,
479 1585 636 1642 maculosas
649 1585 810 1657 chmodat
823 1584 908 1641 tedes
921 1550 988 1632 A*
997 1577 1041 1640 lo
1121 1580 1162 1640 40

208 1681 249 1719 aec
262 1661 347 1738 longe
363 1663 463 1740 serrata
477 1664 577 1721 domus
591 1663 694 1721 servire
705 1663 830 1738 jubetur,

160 1663 280 1823 dirqud
294 1742 427 1800 sollicitas
441 1743 564 1800 imitatur
574 1743 662 1820 janua
674 1745 787 1820 portas)

176 1821 237 1878 Scit
250 1821 318 1879 dare
331 1821 445 1878 libertos
459 1821 584 1879 extremi
599 1822 628 1878 in
641 1833 720 1896 parte
734 1823 866 1878 sedentes

91 1949 95 1958 ,
174 1899 301 1972 Ordinis,
315 1911 345 1958 et
357 1919 476 1976 magnas
489 1901 623 1994 eprpitppr
635 1901 787 2034 pipponem
801 1918 892 1982 VOE‘EE·
910 1907 936 1963 at
943 1897 957 1990 ,l
971 1883 999 1984 ld
1008 1921 1077 1960 rw
1174 1922 1177 1928 ·

69 2048 74 2056 1
142 2032 147 2052 ,
174 1978 269 2038 Nemo
282 1979 361 2048 dabit
370 1999 479 2056 regum,
493 1981 589 2054 quanti
604 1999 636 2052 su
632 1980 736 2050 „selba
750 1990 890 2052 constent,
967 2013 973 2023 ι
1016 2019 1026 2054 5
1120 1975 1162 2036 45

174 2058 212 2116 Et
225 2077 288 2134 que
301 2059 444 2116 conducto
457 2059 582 2134 pendent
596 2060 751 2128 anabathra
764 2058 863 2134 tigillo,
921 2070 967 2106 fu
993 2062 1054 2125 ῥ-ιι
1078 2053 1157 2116 ”do

173 2135 305 2212 Quaeque
319 2138 494 2214 reportandis
506 2138 597 2213 posita
609 2149 652 2194 est
670 2139 814 2206 orchestra
829 2135 991 2194 cathedris*
1027 2161 1043 2189 ιι
1054 2177 1061 2187 .
1072 2137 1109 2184 s
1122 2143 1144 2188 ι’.
1160 2134 1230 2191 tm
1302 2153 1306 2158 ·

174 2215 236 2276 Nos
249 2227 344 2273 tamen
359 2217 413 2273 hoc
427 2217 547 2292 agimus,
561 2217 695 2291 tenuique
710 2218 738 2274 in
753 2217 867 2292 pulvere
887 2213 981 2273 sulcos
1012 2213 1062 2278 '‘'n
1089 2215 1191 2302 ,θίῖμ

173 2291 324 2365 Docimus,
338 2306 367 2352 et
380 2296 458 2352 littus
471 2296 558 2353 sterili
574 2315 716 2352 versamus
731 2307 830 2353 aratro.
1142 2310 1155 2342 ’ν

41 2391 49 2402 ’
129 2377 158 2434 'J'
173 2373 249 2431 Nam
263 2374 287 2430 si
298 2374 438 2450 Qscqias,
452 2374 552 2449 laqueo
565 2386 643 2432 tenet
656 2375 796 2432 ambitiosi
1120 2371 1161 2430 Ul

174 2452 360 2509 Consuetudo
373 2451 456 2510 mali:
477 2464 555 2510 tenet
570 2454 726 2510 insanabile
741 2453 844 2510 multos

174 2531 324 2588 Scribeudi
338 2533 501 2606 caffldthes,
515 2543 544 2588 et
558 2551 633 2608 tegro
647 2533 675 2589 in
691 2533 777 2589 corde
790 2531 921 2590 senescit.

174 2611 232 2668 Sed
247 2622 338 2667 vatem
352 2612 509 2686 egregium,
524 2611 571 2668 cui
586 2629 643 2668 non
658 2611 694 2668 sit
707 2611 821 2686 publica
836 2627 918 2682 vena,

172 2687 234 2750 Qui
249 2689 319 2746 nihil
333 2689 491 2765 expositum
505 2691 593 2747 soleat
606 2691 758 2759 deducere,
773 2707 828 2746 nec
840 2689 889 2764 qui

173 2769 327 2826 Communi
342 2769 423 2825 feriat
435 2787 552 2825 carmen
566 2769 675 2826 triviale
691 2768 813 2842 monstri,

32 2915 34 2925 Ι
61 2909 65 2916 ,
81 2877 85 2891 =
173 2846 271 2917 Hunc,
286 2847 398 2922 qualem
414 2866 524 2922 nequeo
538 2859 704 2918 monstrare,
718 2858 747 2903 et
761 2847 853 2904 sentio
866 2843 988 2918 tanthm,

32 2934 35 2943 '
173 2927 327 2984 Anxietate
341 2945 441 2983 carens
455 2927 567 2984 animus
582 2927 659 2998 facit,
673 2926 766 2982 omnis
779 2925 874 2982 acerbi

174 3003 338 3080 Impatiens,
353 3005 475 3080 cupidus
488 3005 630 3076 silvarum,
646 3015 783 3080 aptusque
798 3003 929 3060 bibendis
939 3031 957 3062 a
981 3023 1025 3077 ,rr
1037 3029 1050 3053 ι·

20 3089 22 3096 ’
95 3116 99 3128 «
173 3079 312 3140 Fontibus
326 3077 625 3166 Aonidumhlleque
639 3084 716 3140 enim
730 3094 846 3140 cantare
860 3083 914 3140 sub
957 3065 1009 3140 lto
1039 3073 1062 3176 ⁷)

174 3160 275 3232 Pierio,
289 3163 450 3236 thyrsumve
463 3175 554 3238 potest
567 3160 733 3237 contingere
747 3181 817 3218 sana
932 3225 935 3229 ,

174 3240 328 3316 Paupertas
343 3252 426 3316 atque
441 3243 503 3298 aeris
518 3241 608 3316 inops,
622 3259 678 3315 quo
691 3254 774 3298 nocte
790 3240 892 3314 dieque

172 3320 284 3394 Corpus
297 3331 379 3395 eget:
400 3331 476 3378 satur
490 3331 542 3390 est,
554 3339 643 3394 quum
658 3319 728 3376 dicit
751 3319 896 3390 Horatius,
911 3316 1011 3376 Euoel

172 3397 249 3458 Quis
262 3398 342 3455 locus
357 3399 481 3473 iugenio,
493 3399 547 3455 nisi
562 3417 649 3472 quum
664 3417 695 3454 se
707 3398 833 3454 carmine
848 3397 908 3454 solo

173 3475 295 3548 Vexent,
310 3488 339 3535 et
352 3477 474 3534 dominis
488 3478 598 3534 Cirrhae
613 3477 756 3554 Nysaeque
776 3477 905 3534 seruntur

172 3555 292 3614 Pectora
305 3567 409 3627 nostra,
424 3557 494 3613 duas
508 3576 564 3613 non
579 3553 755 3613 admittentia
769 3555 875 3612 curasl

173 3634 288 3712 Magnae
302 3635 406 3692 mentis
419 3653 500 3712 opus,
515 3653 570 3692 nec
584 3635 620 3691 de
635 3635 727 3692 lodice
741 3635 868 3710 parandi

175 3715 321 3785 Attonitae,
336 3733 447 3786 currus,
462 3727 492 3771 et
505 3732 603 3788 equos,
619 3714 761 3788 faciesque
775 3715 893 3771 deorum

178 3793 340 3868 Adspicere,
354 3805 383 3852 et
394 3793 487 3868 qualis
502 3793 644 3850 Rutulum
659 3793 814 3850 confundat
824 3765 981 3888 OErinnysl²
