2652 4308
526 281 650 328 samaa
669 283 717 329 lll.

129 424 217 500 Nigra
231 420 307 499 qudd
323 423 416 480 infusa
431 437 563 482 vanescat
577 423 654 499 sepia
668 424 803 499 lymphd;

130 504 238 562 Dilutas
253 502 378 577 queritur
393 503 520 577 geminet
534 501 610 577 qudd
626 503 719 560 listula
733 515 835 578 guttas.

165 583 194 639 Ο
208 585 303 652 miser,
318 582 403 655 inque
417 582 478 638 dies
493 583 565 639 ultra
580 583 681 638 miser!
705 583 827 638 huccine
842 602 935 640 rerum
1079 589 1112 645 15

130 663 288 720 Venirnusl
311 672 339 716 at
353 679 404 716 cur
419 680 476 716 uun
491 659 594 735 potiris,
609 673 762 735 teneroque
776 663 910 738 palumbo

130 742 164 798 Et
179 741 279 798 similis
293 758 392 814 regum
406 741 511 814 pueris,
527 760 648 814 pappare
665 739 804 796 minutum

129 821 233 891 Poscis
248 831 276 876 et
291 820 376 876 iratus
391 837 520 874 rnammae
534 819 629 875 lallare
645 837 759 875 recusas
768 822 779 876 l

167 900 234 956 ‘An
248 899 297 955 tali
311 899 440 954 studeam
455 897 564 954 calamo
575 899 595 954 l'
619 897 675 953 Cui
691 899 794 955 verbal
815 898 881 972 quid
897 899 966 957 istas

128 979 262 1036 Succinis
273 978 427 1051 ambages?
449 976 500 1031 tibi
515 977 639 1033 luditur:
661 976 752 1033 effluis
766 997 873 1034 amens.
1073 981 1112 1039 2⁰

127 1056 327 1126 Contemnere,
342 1067 423 1113 sonat
437 1055 535 1111 vitium
549 1075 693 1132 percussa,
705 1055 829 1133 maligne

131 1137 297 1212 Respondet
312 1136 393 1191 viridi
408 1154 464 1190 non
479 1147 560 1192 cocta
576 1135 670 1191 fidelia
684 1136 759 1194 limo.

131 1217 224 1274 Udum
238 1227 266 1272 et
280 1214 362 1272 molle
376 1215 467 1270 lutum
483 1232 523 1284 es,
538 1233 616 1270 nunc
631 1234 708 1270 nunc
722 1217 926 1291 properandus,
940 1229 969 1277 et
983 1218 1040 1276 acri

129 1295 297 1372 Fingeudus
312 1295 373 1350 sine
388 1293 444 1349 fine
458 1293 527 1348 rotal.
569 1295 626 1350 Sed
642 1313 706 1350 rure
721 1307 839 1369 paterno

129 1375 181 1431 Est
195 1375 244 1431 tibi
260 1374 300 1429 sar
315 1373 467 1442 modicum,
482 1391 583 1446 purum
598 1385 626 1429 et
640 1375 701 1430 sine
712 1375 775 1431 labe
790 1375 921 1448 salinum,
1073 1378 1113 1436 25

131 1453 225 1530 (Quid
241 1465 350 1508 metuas
361 1453 386 1529 l)
408 1451 568 1524 cultrixque
584 1452 638 1509 soci
652 1473 753 1510 secura
766 1454 878 1528 patella.

130 1533 195 1590 Hoc
210 1529 299 1588 satisl
322 1549 357 1586 an
372 1532 472 1586 deceat
485 1531 648 1604 pulmonem
663 1551 792 1607 rumpere
807 1535 906 1606 ventis,

131 1613 286 1668 Stemmata
300 1608 375 1684 qudd
392 1609 490 1666 Tusco
505 1629 613 1664 ramum
629 1610 776 1668 millesime
792 1614 883 1684 ducis,

130 1693 328 1749 Censoremue
343 1700 423 1745 tuum
438 1690 480 1744 vel
496 1686 572 1763 qudd
587 1690 712 1747 trabeate
727 1692 855 1748 salutasl

129 1771 177 1826 Ad
194 1770 326 1846 populum
341 1767 490 1843 phaleras:
513 1787 566 1842 ego
581 1781 608 1824 te
623 1769 699 1825 intus
713 1781 741 1826 et
756 1771 785 1826 in
799 1783 865 1828 cute
879 1773 954 1829 novi.

130 1849 197 1906 Non
212 1849 300 1923 pudet
315 1849 349 1903 ad
364 1865 470 1902 rnorem
486 1847 618 1904 discincti
634 1849 725 1904 vivere
740 1849 857 1907 Nattael

130 1928 188 1984 Sed
203 1939 296 2002 stupet
310 1927 356 1983 hic
371 1926 445 1994 vitio,
460 1938 488 1982 et
503 1925 579 1981 fibris
594 1927 712 1984 increvit
725 1929 850 2002 opimum

130 2007 258 2082 Pingue:
280 2017 357 2062 caret
371 2005 474 2078 culpri:
496 2006 596 2074 nescit,
611 2007 678 2079 quid
693 2007 807 2081 perdat:
828 2019 866 2079 et,
881 2007 937 2065 alto

129 2085 295 2156 Demersus
310 2085 421 2141 summai
436 2103 492 2141 non
507 2103 604 2140 rursus
620 2085 699 2142 bullit
713 2086 742 2141 in
758 2086 843 2142 unda.

170 2164 277 2240 Magne
291 2175 369 2240 pater
383 2163 489 2234 divirm,
503 2183 590 2220 saevos
604 2164 704 2237 punire
718 2175 852 2238 tyrannos
874 2200 878 2208 ·

131 2243 217 2300 Haud
232 2245 287 2301 alia
301 2244 408 2300 ratione
424 2243 501 2312 velis,
516 2261 603 2315 quum
618 2242 679 2298 dira
692 2243 780 2300 libido

129 2321 252 2380 Moverit
266 2323 422 2397 ingenium,
438 2321 555 2377 ferventi
569 2322 657 2377 tincta
672 2341 790 2395 veneno,

133 2402 272 2459 Virtutem
288 2401 411 2471 videant,
427 2401 658 2474 intabescantque
672 2403 777 2460 relicta.

130 2482 217 2538 Anne
232 2478 322 2556 magis
338 2480 426 2536 Siculi
441 2492 611 2554 gemuerunt
627 2498 682 2536 aera
693 2481 818 2556 juvenci,

130 2562 191 2617 Aut
205 2557 295 2635 magis
309 2560 414 2615 auratis
428 2559 555 2633 pendens
569 2559 747 2632 laquearibus
761 2562 838 2617 ensis

129 2638 291 2714 Purpureas
305 2638 400 2694 subter
414 2637 539 2694 cervices
553 2638 661 2707 terruit,
676 2641 758 2710 imus,

129 2719 207 2774 Imus
217 2718 391 2792 precipites,
406 2715 490 2790 qudm
505 2716 527 2772 si
543 2716 595 2772 sibi
611 2717 696 2787 dicat,
711 2731 739 2774 et
750 2719 826 2774 intus

130 2797 238 2854 Palleat
252 2796 360 2866 infelix,
374 2796 450 2870 quod
466 2796 592 2870 proxima
607 2797 715 2852 nesciat
730 2799 818 2853 uxnrl

171 2877 252 2950 Saepe
266 2875 373 2945 oeulos,
389 2875 515 2944 memini,
530 2875 681 2948 tangebam
693 2895 795 2950 parvus
808 2876 890 2948 olivo,

129 2955 258 3010 Grandia
271 2954 294 3010 si
309 2954 411 3010 nollem
425 2954 550 3010 morituri
565 2954 648 3008 verba
662 2954 779 3010 Catonis

130 3034 245 3104 Dicere,
259 3052 316 3089 non
332 3052 401 3089 sano
416 3030 535 3088 multum
549 3032 692 3088 laudanda
706 3033 848 3108 magistra,

129 3113 205 3173 Quae
220 3124 298 3186 pater
312 3112 442 3168 adductis
457 3111 562 3166 sudans
576 3110 686 3167 audiret
701 3112 809 3168 amicis.

129 3191 217 3248 lure:
238 3190 344 3248 etenim
357 3191 385 3247 id
400 3209 552 3260 summum,
567 3190 634 3264 quid
648 3190 746 3246 dexter
760 3191 841 3247 senio
855 3190 948 3263 serret,

130 3270 212 3326 Scire
226 3281 287 3327 erat
301 3270 329 3326 in
345 3282 424 3327 voto:
445 3270 582 3325 damnosa
596 3268 727 3324 canicula
740 3268 879 3343 quantdm

130 3349 274 3406 Raderet:
296 3361 423 3424 angustae
437 3348 509 3405 collo
523 3367 581 3404 non
597 3347 684 3404 fallier
699 3366 791 3404 orcae:

131 3426 158 3484 N
162 3446 196 3484 err
212 3429 275 3502 quis
289 3427 415 3485 callidior
428 3427 532 3483 buxum
547 3438 675 3500 torquere
690 3426 809 3502 flagello.

171 3505 259 3562 Haud
273 3507 323 3564 tibi
338 3506 516 3581 inexpertum
530 3523 629 3562 curvos
643 3505 820 3584 deprendere
834 3525 936 3580 mores,

129 3587 261 3659 Quaque
276 3586 360 3642 docet
373 3585 484 3659 sapiens
499 3585 637 3640 braccatis
651 3585 719 3641 illita
733 3583 828 3642 Medis

131 3663 270 3735 Porticus,
285 3664 422 3721 insomnis
436 3663 537 3737 quibus
551 3675 579 3719 et
593 3664 710 3720 detonsa
722 3665 854 3739 juventus

133 3742 273 3816 invigilat,
289 3741 395 3816 siliquis
409 3753 437 3798 et
451 3742 551 3816 grandi
566 3753 644 3816 pasta
657 3742 779 3816 polenta.

133 3822 167 3878 lit
182 3821 243 3893 tibi,
257 3839 320 3896 quae
336 3821 446 3954 Sergios
461 3821 571 3878 diduxit
584 3821 676 3878 littera
691 3840 792 3891 ramos,
