2666 4310
185 301 225 358 Ὠ
498 297 530 347 D.
548 297 645 348 JUN11
663 296 861 348 luventatis

186 442 345 500 Saltantem
360 453 480 518 spectes,
495 453 524 500 et
537 443 754 500 chironomanta
767 441 872 502 volanti

186 521 321 594 Cultello,
336 523 557 611 donecperagat
571 523 677 579 dictata
692 522 819 596 magistri

186 600 294 658 Omnia
306 619 313 657 :
335 619 389 657 nec
403 601 522 659 minimo
535 600 606 659 sane
621 601 787 658 discrimine
801 601 897 674 refert,

185 678 257 740 Quo
270 692 352 756 gestu
366 679 486 754 lepores,
499 693 529 737 et
541 699 597 756 quo
610 679 718 756 gallina
731 693 851 738 secetur.

187 757 310 816 Duceris
323 759 429 836 planti,
444 759 520 818 velut
539 761 612 816 ictus
626 760 662 816 ab
677 758 804 816 Hercule
818 760 925 833 Cacus,
1122 763 1177 820 125

188 836 225 894 Et
238 837 345 913 pondre
359 835 437 910 foris,
448 837 471 894 si
485 839 553 912 quid
567 839 720 896 tentaveris
735 857 858 912 unquam

188 916 320 989 Hiscere,
334 928 468 992 tanquam
484 918 589 974 habeas
602 918 656 974 tria
670 917 794 974 nomina.
835 916 965 978 Quando
978 917 1110 996 propinat

189 995 272 1054 Virro
285 996 346 1068 tibi,
361 995 501 1071 sumitque
515 997 572 1054 tuis
585 1008 717 1054 contacta
730 996 840 1054 labellis

188 1074 317 1133 Poculal
337 1075 400 1151 quis
414 1075 537 1132 vestrrim
551 1076 718 1133 temerarius
732 1093 822 1150 usque
837 1071 920 1148 aded,
933 1076 997 1151 quis

188 1153 328 1226 Perditus,
343 1165 374 1212 ut
388 1154 466 1212 dicat
478 1155 549 1231 regi,
564 1155 656 1212 Bibet
697 1155 823 1212 Plurima
836 1165 913 1228 sunt,
926 1173 990 1232 qua
1120 1157 1176 1214 130

187 1231 255 1291 Non
269 1235 377 1292 audent
392 1234 521 1291 homines
534 1234 649 1311 pertusi
663 1234 760 1291 dicere
775 1233 858 1290 laena.

225 1312 449 1389 Quadringenta
462 1313 514 1370 tibi
528 1313 552 1370 si
570 1313 634 1388 quis
648 1309 729 1384 deus,
743 1325 792 1370 aut
805 1312 906 1370 similis
920 1311 975 1386 dis,

188 1390 225 1449 Et
239 1392 338 1450 melior
353 1392 417 1450 satis
431 1393 566 1462 donaret;
590 1393 753 1464 homuncio,
767 1403 891 1467 quantus

188 1469 232 1528 Ea
246 1471 336 1528 nihilo
349 1471 442 1543 freres,
452 1483 575 1546 quantus
588 1471 718 1529 Virronis
729 1471 839 1528 amicus
851 1471 857 1528 Ι

188 1550 234 1607 Da
247 1549 374 1608 Trebio:
395 1570 469 1626 poue
483 1551 518 1608 ad
533 1549 689 1608 Trebium!
731 1551 794 1622 Vis,
808 1551 903 1622 frater,
917 1551 954 1608 ab
968 1550 1036 1627 ipsis
1119 1555 1175 1611 135

188 1629 297 1688 llibusl
337 1628 366 1686 Ο
380 1629 499 1700 numini,
514 1630 593 1687 vobis
608 1630 685 1687 hunc
699 1641 812 1705 praestat
827 1631 975 1703 honorem,

189 1710 247 1767 Vos
260 1709 328 1766 estis
341 1709 449 1766 fratres.
491 1709 632 1766 Dominus
646 1721 740 1766 tamen
755 1721 784 1766 et
797 1709 904 1767 domini
918 1729 968 1770 rea

187 1789 219 1846 Si
233 1788 275 1845 vis
288 1801 319 1846 tu
333 1788 404 1860 fieri,
419 1787 514 1846 nullus
528 1788 579 1845 tibi
594 1788 725 1862 parvulus
739 1789 805 1846 auld

187 1868 300 1926 Luserit
314 1868 432 1939 AEneas,
447 1887 502 1924 nec
516 1868 573 1924 lilia
588 1867 697 1924 dulcior
712 1867 768 1926 illo.

186 1947 205 2004 J
208 1949 353 2005 ucundum
367 1958 396 2004 et
410 1965 507 2004 carum
523 1947 625 2003 sterilis
639 1946 707 2004 lacit
721 1966 790 2005 uxor
804 1946 937 2006 amicum.

187 2028 245 2085 Sed
260 2040 309 2085 tua
322 2045 401 2084 nunc
416 2026 530 2102 Mycale
544 2027 635 2102 pariat
650 2026 725 2098 licet,
739 2039 767 2084 et
781 2045 883 2102 pueros
897 2039 955 2086 tres

186 2105 221 2164 ln
235 2106 375 2184 gremium
389 2105 477 2182 patris
492 2107 591 2162 fundat
605 2105 708 2162 simul:
731 2105 789 2182 ipse
804 2105 915 2180 loquaci

185 2186 329 2244 Gaudebit
343 2185 427 2255 nido;
449 2185 566 2242 viridem
581 2185 697 2242 thoraca
708 2185 819 2260 jubebit

186 2265 301 2337 Afferri,
316 2264 504 2339 minimasque
519 2283 617 2334 nuces,
633 2283 781 2340 assemque
795 2275 935 2339 rogatum,

185 2344 233 2401 Ad
248 2363 375 2401 mensam
389 2343 498 2418 quoties
513 2343 650 2419 parasitus
665 2343 772 2401 venerit
786 2343 888 2400 insane.

225 2422 338 2480 Vilibus
349 2422 488 2498 ancipites
503 2421 582 2498 fungi
596 2436 737 2498 ponentur
751 2422 861 2494 amicis,

186 2501 302 2559 Boletus
315 2502 447 2572 domino;
469 2502 519 2558 sed
533 2501 645 2576 qualem
663 2501 802 2559 Claudius
816 2502 875 2560 edit

185 2583 263 2639 Ante
274 2581 353 2638 illum
369 2581 473 2652 uxoris,
487 2593 647 2657 postquem
661 2581 702 2637 nil
717 2579 839 2657 amplihs
852 2580 920 2640 edit.

224 2661 308 2718 Virro
321 2660 374 2718 sibi
388 2672 417 2718 et
430 2661 544 2736 reliquis
558 2660 727 2718 Virronibus
741 2661 790 2719 illa
800 2661 911 2737 jubebit

184 2739 272 2798 Poma
287 2739 357 2813 dari,
372 2758 489 2816 quorum
505 2741 564 2798 solo
578 2739 702 2816 pascaris
715 2742 817 2809 odore;

182 2819 292 2881 Qualia
305 2831 457 2896 perpetuus
472 2819 626 2876 Phaeacum
639 2833 793 2877 autumnus
807 2819 940 2893 habebat,

183 2898 308 2957 Credere
322 2917 385 2974 quas
400 2899 490 2974 possis
503 2900 636 2975 subrepta
650 2899 792 2956 sororibus
806 2899 892 2956 Afris.

183 2977 232 3035 'l'u
247 2978 343 3036 scabie
358 2978 459 3036 frueris
474 2979 551 3049 mali,
565 2980 639 3053 quod
655 2979 684 3035 in
699 2997 802 3054 aggere
817 2977 900 3051 rodit,

182 3057 244 3118 Qui
259 3058 363 3134 tegitur
377 3060 476 3134 parmis
490 3071 519 3116 et
532 3059 625 3134 galeti,
640 3070 826 3133 metuensque
840 3057 944 3135 flagelli

183 3136 276 3196 Discit
291 3139 326 3194 ab
341 3138 448 3196 hirsutis
459 3138 587 3213 jaculum
603 3149 732 3212 torquere
746 3137 863 3212 capella.

223 3215 352 3275 Forsitan
367 3217 503 3293 impensae
518 3217 669 3274 Virronem
684 3235 800 3292 parcere
814 3217 922 3274 credas.

183 3295 248 3354 Hoc
263 3296 331 3373 agit,
345 3309 376 3354 ut
391 3297 503 3354 doleas:
525 3315 590 3354 nam
605 3315 668 3370 quae
683 3295 834 3366 comoedia,
848 3295 953 3353 mimus

182 3374 259 3435 Quis
274 3375 372 3434 melior
387 3375 516 3450 plorante
531 3375 620 3452 galal
662 3372 739 3450 Ergd
752 3375 849 3432 omnia
863 3374 945 3448 liunt,

184 3455 215 3510 Si
230 3454 335 3527 nescis,
349 3467 381 3513 ut
395 3475 444 3530 per
459 3455 598 3530 lacrymas
612 3455 759 3512 effundere
774 3454 859 3511 bilem

182 3533 312 3610 Cogeris,
327 3553 479 3609 pressoque
494 3533 544 3594 diii
559 3535 677 3592 stridere
692 3534 800 3591 molari.

183 3611 232 3669 Tu
246 3613 297 3670 tibi
308 3613 379 3672 liber
394 3615 478 3671 homo
493 3627 522 3672 et
536 3615 611 3691 regis
624 3614 742 3670 conviva
757 3613 879 3670 videris:

187 3691 306 3768 Captum
320 3704 348 3750 te
363 3692 462 3751 nidore
476 3713 535 3750 suae
548 3704 629 3770 putat
643 3693 690 3750 ille
705 3692 829 3750 culinae:

189 3769 248 3828 Vec
263 3771 337 3829 malti
354 3773 503 3849 conjectat.
545 3773 622 3834 Quis
636 3773 713 3830 enim
728 3783 785 3829 tam
800 3771 904 3844 nudus,
919 3771 1043 3832 utillum

181 3849 232 3874 ¹³*
246 3851 325 3923 ‘··at,
343 3851 495 3911 Etruscum
509 3872 598 3930 puero
611 3853 635 3909 si
650 3851 770 3928 contigit
784 3871 883 3910 aurum
