2652 4308
479 295 483 302 ·
573 271 697 322 SATlRA
715 273 749 322 ll.

166 414 243 477 Qun
257 413 311 472 uisi
326 413 452 472 seductis
466 429 590 489 nequeas
604 415 781 474 committere
795 415 875 474 divis.

166 502 208 552 At
222 493 296 550 bona
309 512 374 569 pars
387 512 535 570 procerum
550 495 637 552 taciti
651 496 747 552 libavit
761 495 867 552 acerri.
1134 497 1153 552 t

168 571 255 629 Haud
270 572 360 628 cuivis
373 584 532 648 promptum
553 585 606 644 est,
625 592 808 648 murmurque
829 573 1005 648 humilesque
1025 592 1153 634 susurros

168 650 283 708 Tollere
297 652 333 708 de
348 651 460 726 templs,
474 662 503 708 et
518 664 614 726 aperto
628 653 720 710 vivere
735 664 808 710 voto.

169 729 254 787 Mens
269 729 353 800 bona,
368 730 452 801 sarna,
464 729 544 800 fides,
559 731 621 788 hec
632 728 719 802 clare,
734 743 763 788 et
777 743 808 790 ut
820 729 918 788 audiat
931 731 1049 806 hospes:

168 807 222 868 llle
235 809 288 866 sibi
303 810 455 867 introrsum
469 821 498 866 et
512 810 565 866 sub
578 809 677 884 lingui
691 810 906 868 immurmuret:
927 809 955 867 0
969 809 993 868 si

168 887 276 948 Bbullit
289 899 414 963 patruus,
429 887 596 962 preclarum
612 889 711 946 luuus!
733 900 772 960 et,
786 888 815 946 Ο
828 888 852 946 ei
1119 890 1153 947 ltt

169 967 231 1025 Sub
245 977 335 1023 rastro
349 977 445 1042 crepet
459 966 569 1042 argenti
584 965 652 1024 mihi
667 967 751 1039 seria,
767 968 866 1026 dextro

169 1045 312 1103 Hercule!
334 1045 506 1121 pupillumve
520 1045 640 1117 utinam,
652 1064 738 1120 quem
753 1046 897 1122 proximus
911 1046 1003 1106 heres

169 1123 299 1200 Impello,
314 1143 491 1200 expungam:
513 1143 633 1199 nemque
647 1137 691 1182 est
704 1125 860 1197 scabiosus,
871 1136 901 1184 et
914 1125 973 1184 ucri

170 1203 232 1261 Bile
246 1215 345 1261 tumet.
387 1201 476 1260 Nerio
487 1203 545 1278 jam
561 1204 642 1261 tertia
656 1204 769 1261 ducitur
784 1205 870 1262 uxorl

169 1281 243 1340 llaec
257 1280 357 1339 'sancte
372 1294 403 1339 ut
416 1301 525 1357 poscas,
541 1281 681 1340 Tiberino
695 1283 723 1339 in
739 1283 850 1358 gurgite
864 1283 969 1360 mergis
1118 1286 1153 1342 15

170 1359 259 1418 Mune
270 1372 356 1436 caput
370 1361 413 1418 bis
427 1372 535 1435 terque,
546 1373 575 1418 et
589 1373 703 1419 noctem
717 1361 835 1420 flumine
849 1381 962 1439 purgas.

210 1441 292 1498 Heus
305 1459 368 1516 age,
380 1441 535 1515 responde:
558 1440 721 1512 (minimum
735 1453 788 1512 est,
802 1443 876 1516 quod
891 1443 963 1500 scire
977 1443 1074 1502 laboro
1083 1445 1104 1518 :)

170 1519 215 1577 De
229 1519 300 1578 Jove
314 1517 382 1594 quid
396 1519 503 1576 sentisl
525 1531 605 1576 estne
620 1531 651 1576 ut
664 1539 826 1596 preponere
840 1537 924 1578 cures

171 1599 307 1656 Hunc-‘
317 1599 433 1654 cuinam
441 1599 461 1654 l'
484 1599 618 1656 cuinaml
640 1599 681 1656 vis
694 1599 793 1658 Staiol
814 1619 851 1656 an
865 1600 975 1658 scilicet
986 1601 1087 1674 heres,

167 1676 246 1740 Quis
259 1677 348 1753 potior
356 1677 453 1753 judex,
468 1677 597 1752 puerisve
612 1678 675 1752 quis
689 1679 778 1754 aptior
791 1679 888 1736 orbist
1113 1681 1152 1739 2⁰
1197 1696 1199 1700 ’

170 1756 236 1814 Ηοο
245 1757 340 1833 igitur,
354 1775 410 1831 quo
423 1767 454 1814 tu
465 1755 544 1818 Jovis
558 1775 656 1814 curem
670 1758 813 1833 impellere
827 1768 929 1829 tentas,

170 1835 226 1892 Dic
241 1836 363 1911 agedum
375 1835 471 1892 Staio:
492 1837 562 1910 proh
576 1836 593 1892 J
597 1835 704 1911 upiterl
727 1836 755 1894 Ο
771 1837 854 1908 bone,
870 1837 984 1910 clamet,

170 1913 298 1990 Jupiter!
320 1927 419 1972 atsese
433 1934 490 1972 non
504 1915 610 1972 clamet
624 1915 735 1991 Jupiter
750 1916 829 1991 ipsel

170 1993 317 2070 Ignovisse
331 2005 423 2070 putas,
437 1995 515 2068 quia,
525 2011 614 2068 quum
625 2006 714 2066 tonat,
728 1993 809 2052 ocids
821 1995 877 2052 ilex

169 2071 284 2130 flulfure
296 2071 445 2130 discutitur
459 2093 551 2144 sacro,
565 2071 650 2148 quim
663 2087 748 2148 tuque
763 2075 936 2148 domusquel
1112 2076 1151 2132 25

170 2152 218 2208 An
232 2152 297 2227 quia
311 2171 368 2210 non
384 2151 460 2208 libris
473 2151 567 2210 ovium
582 2151 771 2228 Ergennaque
783 2152 903 2228 jubente

169 2228 265 2288 Triste
278 2231 356 2306 jaces
370 2231 443 2287 lucis
456 2229 675 2305 evitandumque
691 2232 824 2304 bidental,

171 2307 283 2366 Idcirco
297 2310 426 2368 stolidam
440 2310 547 2386 praebet
560 2309 610 2368 tibi
626 2310 726 2370 vellere
740 2311 856 2368 barbam

170 2386 301 2464 Jupiterl
321 2401 369 2446 aut
383 2388 518 2464 quidnam
532 2389 654 2464 est,un
668 2402 698 2448 tu
712 2391 844 2448 mercede
858 2392 975 2450 deorum

171 2467 283 2528 Emeris
296 2467 458 2526 auriculasl
479 2469 611 2544 pulmone
625 2479 653 2526 et
666 2469 788 2528 lactibus
801 2471 915 2529 unctis‘l
1112 2471 1152 2530 30

209 2546 287 2604 Ecce
302 2547 373 2620 avia,
388 2560 436 2605 aut
449 2561 580 2605 metuens
593 2548 688 2605 divrim
705 2562 861 2620 matertera,
876 2549 959 2607 cunis

170 2625 285 2684 Exemit
298 2645 427 2701 puerum,
442 2626 617 2701 frontemque
628 2639 711 2701 atque
725 2629 782 2684 uda
795 2629 896 2686 labella

171 2703 273 2762 lnfami
287 2705 375 2781 digito
388 2716 417 2762 et
430 2704 591 2762 lustralibus
606 2703 672 2763 ante
687 2706 779 2763 salivis

171 2783 282 2860 Expiet,
298 2795 411 2840 urentes
424 2784 522 2841 oculos
536 2784 663 2842 inhibere
679 2785 776 2860 perite.

170 2862 258 2920 'lunc
272 2863 402 2919 manibus
415 2863 515 2936 quatit,
530 2875 559 2919 et
572 2881 649 2939 spem
664 2881 788 2922 macram
804 2865 931 2940 supplice
946 2877 1008 2924 voto
1112 2867 1152 2924 35

170 2941 258 2998 Nunc
273 2940 367 2998 Licini
382 2941 411 3000 in
427 2960 551 3017 campos,
566 2961 643 2998 nunc
657 2941 752 2998 Crassi
768 2943 853 3000 mittit
866 2943 896 3000 in
911 2945 994 3002 aedes.

170 3020 259 3078 Hunc
272 3032 370 3096 optent
383 3019 519 3096 generum
535 3039 584 3076 rex
596 3033 625 3077 et
639 3021 753 3096 regina!
775 3022 876 3096 puelle

173 3099 262 3156 Hunc
276 3099 404 3175 rapiant!
426 3100 561 3174 quicquid
576 3099 726 3158 calcaverit
740 3101 797 3172 liic,
812 3121 875 3158 rosa
888 3101 955 3160 liat!

170 3178 224 3235 Ast
238 3195 292 3253 ego
306 3178 409 3236 nutrici
424 3197 481 3236 non
496 3178 600 3236 mando
614 3190 696 3236 vota:
719 3189 831 3256 negato,

168 3255 290 3332 Jupiter,
306 3258 367 3313 haec
381 3256 430 3328 illi,
444 3256 571 3332 quamvis
584 3268 611 3314 te
626 3258 718 3316 albata
732 3258 846 3334 regerit.

209 3333 306 3394 Poscis
319 3354 401 3412 opem
415 3337 508 3394 nervis
519 3355 677 3411 corpusque
692 3337 773 3396 fidele
786 3349 918 3398 senene.

170 3413 250 3487 Esto,
265 3433 335 3490 ege:
355 3415 406 3472 sed
419 3417 544 3490 grandes
556 3416 659 3490 patine
673 3429 823 3492 tucetaque
837 3437 932 3476 crassa

171 3493 308 3550 Annuere
323 3493 367 3550 tus
381 3493 506 3568 Superos
520 3493 645 3568 vetuere,
660 3495 816 3572 Jovemque
830 3509 982 3554 morentur.

210 3572 286 3628 Rem
300 3584 408 3630 struere
421 3584 537 3648 exoptas
550 3591 625 3630 caeso
639 3574 718 3646 bove,
734 3573 965 3650 Mercuriumque

171 3651 302 3709 Arcessis
315 3651 401 3708 libra:
424 3651 469 3708 Da
484 3651 626 3708 fortunare
637 3655 773 3727 penates!
1116 3655 1153 3712 45

172 3727 217 3786 lla
232 3749 330 3806 pecus,
345 3742 374 3786 et
386 3731 521 3805 gregibus
536 3731 651 3788 soetum!
673 3751 737 3806 quo,
752 3733 883 3808 pessime,
897 3743 990 3808 pacto,

169 3807 229 3866 'l'ot
243 3809 294 3866 tibi
308 3827 395 3884 quum
411 3810 439 3866 in
455 3808 574 3866 flammis
586 3810 717 3885 junicum
731 3822 845 3868 omenta
858 3808 1037 3886 liquescenti

169 3887 207 3946 Et
220 3899 316 3946 tamen
326 3888 374 3946 liic
387 3888 460 3946 extis
472 3901 500 3946 et
514 3888 608 3966 opimo
622 3889 735 3948 vincere
749 3890 820 3948 serto
