2666 4310
138 265 176 323 64
438 263 470 312 D.
486 263 583 312 JUNll
599 263 795 312 Juvmtnnts

137 405 282 482 Tempora
295 405 441 475 viderunt3
466 405 518 464 hos
531 406 641 482 lignum
656 405 748 463 stabat
762 423 791 462 ιιι
805 421 882 477 usus,
922 405 935 422 ’

138 485 287 542 Annosarn
301 484 325 542 si
339 485 409 542 sorte
424 503 527 542 nucem
540 485 681 560 dejecerat
695 483 826 541 Eurustl

139 565 179 620 At
193 581 271 620 nunc
284 563 416 620 divitibus
430 564 562 620 eoenaudi
576 563 654 620 nulla
668 563 803 638 voluptas,

140 641 188 698 Nil
203 641 347 712 rhombus,
362 641 401 698 nil
416 643 499 698 dama
513 642 604 717 sapit:
625 652 723 717 putere
734 641 864 698 videntur

140 719 293 795 Unguenta
305 731 388 794 atque
402 737 482 791 rosan,
496 721 567 776 latos
581 719 636 777 nisi
650 720 770 777 sustinet
782 720 866 777 orbes

140 799 255 856 Grande
268 798 349 869 ebur,
360 809 389 856 et
403 817 507 874 magno
520 798 649 856 sublimis
662 800 766 874 pardus
780 799 870 872 hiatu,

140 875 281 934 Dentibus
294 895 330 934 ex
344 877 407 949 illis,
421 895 490 953 quos
504 877 588 934 mittit
601 891 680 952 porta
694 878 813 952 Syenes,

141 955 178 1012 Et
192 954 285 1012 Mauri
299 955 416 1028 celeres,
430 967 459 1012 et
473 954 575 1013 Mauro
587 956 732 1013 obscurior
746 955 846 1028 Indus,

142 1032 179 1090 Et
192 1052 262 1108 quos
275 1034 405 1109 deposuit
417 1034 446 1091 N
448 1036 556 1092 abatreo
570 1034 664 1092 bellua
678 1033 760 1106 saltu,

141 1111 157 1167 J
162 1131 206 1168 arn
222 1111 334 1184 nimios,
349 1113 490 1188 capitique
500 1129 607 1189 graves.
649 1112 728 1170 Hinc
743 1112 832 1188 surgit
844 1111 947 1184 oreris,

142 1189 221 1248 Hinc
234 1191 380 1248 stomacho
394 1191 474 1249 bilis:
495 1209 561 1248 nam
574 1209 625 1267 pes
639 1201 790 1266 argenteus
804 1191 869 1262 illis,

141 1265 276 1326 Annulus
290 1269 319 1326 in
333 1269 423 1345 digito
432 1271 506 1345 quod
522 1270 637 1326 ferreus.
679 1267 756 1345 Ergd
771 1269 924 1344 superbum

142 1346 297 1404 Convivam
312 1367 408 1420 caveo,
422 1348 470 1424 qui
485 1367 531 1406 me
545 1349 598 1406 sibi
613 1361 767 1424 comparat,
783 1359 812 1405 et
825 1365 871 1405 res

143 1424 273 1500 Despicit
285 1426 411 1502 exiguas.
454 1425 537 1484 Aded
552 1427 629 1484 nulla
643 1427 729 1484 uncia
742 1427 824 1484 nohis

142 1502 194 1560 Est
204 1503 306 1576 eboris,
317 1523 372 1562 nec
385 1506 514 1576 tessellae,
529 1523 583 1562 nec
597 1505 724 1562 calculus
738 1523 773 1562 ex
787 1506 843 1562 lule

142 1581 281 1639 Materid:
302 1583 368 1657 quio
385 1583 444 1659 ipsa
455 1583 603 1641 manubria
616 1584 793 1640 cultellorum

141 1661 241 1718 Ossea.
282 1660 350 1719 Non
364 1673 460 1720 tamen
475 1663 519 1719 his
533 1662 726 1737 ullaunquam
740 1662 857 1738 opsonia
870 1660 943 1718 flunt

142 1739 315 1812 Rancidula,
330 1752 379 1798 aut
392 1742 456 1798 ideo
470 1741 546 1817 pejor
561 1738 666 1818 gdllina
680 1753 799 1798 secatur.

143 1819 200 1876 Sed
211 1837 266 1876 nec
280 1830 400 1878 structor
413 1820 476 1890 erit,
488 1821 534 1878 cui
549 1821 651 1876 cedere
665 1821 767 1877 debent
777 1819 873 1890 omnis

143 1897 275 1972 Pergula,
287 1897 442 1974 discipulus
457 1898 598 1974 Trypheri
612 1899 744 1969 doctoris,
759 1898 833 1974 apud
847 1914 931 1974 quem

142 1976 262 2034 Sumine
276 1983 341 2034 curn
357 1997 459 2054 niagno
474 1978 563 2052 lepus,
575 1989 657 2052 atque
672 1995 748 2052 aper,
762 1987 790 2033 et
804 1991 955 2053 pygargus,

143 2050 180 2112 Et
193 2056 335 2130 Scythicas
349 2056 485 2127 volucres,
499 2067 529 2112 ct
541 2055 769 2131 phoenicopterus
784 2055 895 2131 ingens,

142 2133 179 2191 Et
191 2134 319 2191 Gaetulus
332 2153 410 2210 oryx,
426 2135 518 2192 hebeti
532 2133 689 2191 lautissima
700 2135 772 2191 serro

142 2213 278 2284 Caditur,
292 2225 321 2270 et
334 2214 393 2270 toti
407 2225 488 2270 sonat
502 2213 595 2269 ulmea
609 2231 691 2270 coeua
705 2211 826 2270 Suburd.

142 2291 206 2348 Nec
221 2291 340 2348 frusturn'
353 2311 462 2366 capreae
476 2291 644 2362 subducere,
659 2309 714 2348 nec
727 2291 801 2348 latus
815 2289 893 2348 Afrae
920 2341 921 2345 ,

142 2369 229 2427 Novit
242 2369 301 2427 avis
314 2381 409 2427 noster
423 2369 591 2442 tirunculus,
603 2389 637 2426 ac
651 2371 729 2427 rudis
741 2369 818 2426 omni

142 2447 295 2524 Tempore,
310 2459 339 2504 et
352 2449 462 2524 exiguae
477 2449 556 2506 furtis
568 2449 692 2506 imbutus
705 2448 806 2506 osellae.

142 2527 270 2584 Plebeios
284 2527 397 2598 calices,
412 2540 441 2584 et
453 2527 551 2603 paucis
565 2528 674 2584 assibus
687 2539 796 2602 emptos
1066 2525 1123 2585 145

142 2605 270 2680 Porrigct
284 2605 408 2662 incultus
421 2624 500 2681 puer,
515 2617 597 2680 atque
612 2625 629 2662 a
643 2606 745 2680 frigore
758 2617 852 2663 tutus:

141 2684 209 2741 Non
224 2683 327 2760 Phryx,
342 2695 390 2741 aut
404 2683 519 2760 Lycius,
533 2703 590 2742 non
606 2703 622 2741 a
636 2699 776 2760 mangone
790 2685 894 2760 petitus

141 2761 301 2838 Quisquam
315 2762 377 2834 erit,
391 2774 420 2820 et
433 2781 544 2840 magno.
585 2763 685 2824 Quum
700 2781 808 2838 posces,
823 2779 908 2852 posce
922 2759 1031 2820 Lsdnd.

141 2839 223 2898 Idem
238 2841 350 2899 habitus
367 2841 489 2914 cunctis,
504 2841 587 2913 tonsi,
602 2843 727 2916 rectique
741 2841 845 2916 capilli,

142 2921 236 2994 Atque
250 2920 334 2978 hodie
348 2918 458 2978 tantum
472 2932 584 2996 propter
598 2920 726 2978 convivia
739 2919 812 2996 pexi.
1066 2915 1123 2975 150

142 2998 265 3056 Pastoris
278 2999 341 3056 duri
356 2999 403 3056 hic
416 3009 459 3056 est
472 2999 556 3069 lilius,
572 2999 618 3056 ille
632 2997 757 3055 bubulci.

142 3077 272 3152 Suspirat
285 3077 369 3153 longo
382 3095 439 3134 non
454 3077 541 3134 visam
555 3089 681 3152 tempore
695 3087 824 3147 matrem,

141 3155 179 3212 Et
192 3155 317 3213 casulam
331 3166 360 3213 et
373 3167 454 3213 notos
468 3156 554 3212 tristis
567 3156 710 3214 desiderat
724 3155 830 3229 haedos,

141 3233 264 3309 Ingenui
278 3234 371 3292 vultris
384 3251 463 3309 puer,
478 3234 649 3309 ingenuique
664 3233 787 3310 pudoris,

141 3311 251 3372 Quales
264 3331 327 3369 esse
341 3313 433 3383 decet,
448 3331 517 3387 quos
531 3313 633 3369 ardens
645 3331 770 3388 purpura
783 3311 915 3370 restit-
1066 3305 1122 3368 155

144 3391 200 3450 Hic
213 3389 264 3448 tibi
278 3391 343 3448 vina
356 3389 443 3462 dabit,
458 3391 560 3447 diffusa
571 3391 600 3447 in
615 3392 757 3448 montibus
770 3391 836 3463 illis,

143 3469 169 3526 A
184 3469 286 3543 quibus
300 3470 358 3544 ipse
373 3469 458 3541 venit,
473 3487 592 3543 quorum
606 3471 659 3526 sub
674 3470 777 3526 vertice
791 3469 875 3526 lusit:

143 3547 273 3623 Namque
288 3567 346 3605 una
360 3558 442 3622 atque
456 3547 556 3604 eadem
570 3559 613 3606 est
628 3549 683 3605 vini
697 3549 787 3623 patria
800 3559 884 3622 atque
898 3541 1070 3640 ministr}-

143 3625 209 3685 llon
223 3626 300 3702 capit
314 3626 364 3682 has
378 3644 468 3701 nugas
483 3626 596 3682 humilis
609 3628 718 3684 domus.
758 3626 868 3682 Audiat
882 3625 930 3682 ille

143 3704 294 3762 Testarum
306 3705 431 3780 crepitus
445 3723 509 3760 cum
522 3704 623 3776 verbis,
638 3707 745 3761 nudum
759 3705 836 3761 olido
847 3715 925 3760 stans
1066 3701 1124 3760 tuh

144 3781 264 3840 Fornice
278 3783 451 3860 mancipium
465 3783 567 3858 quibus
581 3784 718 3852 abstinot;
742 3783 787 3842 ille
802 3783 910 3840 fruatur
