2666 4310
559 273 682 322 ,anunm
707 274 752 322 Vl.
1112 276 1152 335 35

166 417 264 480 Aptior
278 415 347 474 hora
361 415 479 490 qbp,
452 416 506 473 nisi
520 435 603 505 quam
619 418 729 474 dederit
744 417 885 496 Petqsrrrs.
1091 417 1149 476 465

202 495 234 552 Si
249 495 400 552 mediocris
413 495 483 564 erit3
505 495 626 569 spatium
640 495 769 552 lustrabit
783 497 913 570 utrinque

165 572 316 645 Metarum‚
331 585 359 630 et
373 587 461 631 sortes
475 575 571 644 ducet,
588 575 763 648 frontemque
778 593 950 662 manumque

164 652 303 709 Praebebit
317 654 371 709 vati
386 654 516 709 crebrum
532 672 685 727 poppysma
696 653 814 728 roganti.

162 731 304 788 Divitibus
318 751 451 806 responsa
465 732 574 788 dabunt
588 731 683 806 Phryx
697 750 787 806 augur
800 743 829 789 et
842 731 933 790 Indus

158 811 341 884 ,conductus
356 811 434 867 dabit
447 824 585 868 astrorum
601 811 756 884 mundique
770 812 886 885 peritus,
1071 811 1151 870 ,470

163 891 257 963 Atque
272 888 373 964 aliquis
387 890 481 946 senior
484 908 553 979 ,qur
546 888 683 964 publica
697 890 808 964 fulgura
822 890 928 981 wll·
939 866 1029 942 ΗΜ
1037 879 1118 923 Οἵ·

162 967 332 1024 Plebeium
326 988 355 1026 m
370 987 448 1026 circo
461 980 583 1044 positum
597 979 640 1024 est
653 980 683 1025 et
696 988 726 1024 m
730 987 844 1047 aggme
861 969 957 1026 fatum.
990 944 1030 1028 V
1021 986 1140 1026 ara
1120 1003 1187 1032 a,
1215 961 1225 1003 ,·

160 1047 237 1108 Quae
253 1046 338 1104 nullis
352 1047 470 1122 longum
480 1047 604 1106 ostendit
614 1065 709 1104 cervrc
740 1067 774 1104 us
841 1065 900 1120 um,

161 1125 294 1182 Consulit
308 1138 373 1184 ante
389 1126 496 1202 phalas,
512 1126 765 1201 delphinorumque
779 1125 938 1198 columnas,

162 1205 210 1261 An
225 1223 294 1280 saga
307 1205 441 1262 vendenti
456 1205 544 1262 nubat
562 1223 691 1280 caupone
706 1206 812 1264 relicto.
863 1205 942 1293 79!
1091 1203 1150 1264 475

201 1283 256 1340 Hae
271 1295 366 1340 tarnen
381 1295 409 1341 et
422 1284 519 1360 parthe
533 1285 657 1341 subeunt
670 1284 835 1356 discrimen,
849 1293 879 1342 et
891 1297 991 1344 omnes

162 1360 291 1420 Nutricis
304 1363 435 1434 tolerant,
450 1363 562 1422 fortuna
576 1375 727 1438 urguente,
741 1363 870 1434 labores,

162 1442 219 1498 Sed
232 1441 309 1516 jacet
323 1453 421 1499 aurato
435 1442 481 1498 vix
495 1442 552 1499 ulla
562 1461 702 1518 puerpera
715 1441 799 1500 lecto.

161 1519 289 1578 Tantlrm
304 1533 378 1578 artes
392 1521 486 1596 hujus,
501 1519 611 1580 tantam
625 1521 816 1580 medicamina
829 1533 998 1598 possunt-

201 1600 331 1658 Transeo
345 1600 512 1676 suppositos,
523 1613 552 1657 et
561 1601 675 1676 gaudia,
690 1611 808 1674 votaque
822 1599 898 1676 saepe

161 1679 209 1736 Art
223 1697 340 1754 spurcos
353 1679 472 1755 decepta
486 1679 576 1750 lacus,
591 1691 675 1754 atque
690 1681 756 1736 inde
770 1679 872 1754 petitos

164 1758 324 1829 Pontifices,
340 1757 441 1830 Salios,
457 1759 629 1816 Scaurorum
644 1759 760 1816 nomina
775 1759 845 1816 salso

161 1837 287 1912 Corpore
301 1837 415 1894 laturos.
458 1839 520 1894 Stat
534 1837 662 1895 Fortuna
676 1837 804 1914 improba
817 1850 916 1910 noctu,

162 1917 301 1974 Arridens
315 1917 400 1976 nudis
413 1916 577 1974 infantibus.
619 1917 681 1974 Hos
695 1917 769 1974 sovet
781 1935 891 1989 omues,

161 1995 336 2070 Involvitque
351 1997 434 2053 sinu:
456 1995 586 2052 domibus
600 2005 670 2051 tunc
684 1995 802 2070 porrigit
816 1996 890 2067 altis,

161 2075 367 2149 Secretumque
382 2074 434 2152 sibi
449 2075 568 2130 mimum
582 2087 669 2150 parat.
712 2074 773 2132 Hos
787 2086 873 2146 amat,
888 2073 932 2132 his
945 2093 976 2132 se

162 2153 279 2229 Ingerit,
294 2165 380 2230 utque
395 2173 461 2211 suos
475 2154 571 2212 ridens
585 2154 716 2228 producit
730 2153 867 2212 alumnos.

200 2233 259 2292 Hic
273 2234 398 2309 magicos
412 2233 492 2290 affert
505 2244 616 2303 cantus,
632 2233 679 2290 hic
694 2232 834 2290 Thessala
851 2231 946 2306 vendit

160 2311 278 2385 Philtra,
292 2313 395 2387 quibus
410 2312 501 2370 valeat
515 2322 640 2370 mentem
654 2331 755 2369 vexare
770 2312 911 2370 mariti-
962 2359 964 2364 ,

160 2389 234 2449 Inde
249 2392 337 2448 animi
352 2391 454 2467 caligo,
469 2403 498 2449 et
512 2410 616 2467 magna
628 2391 732 2448 oblivio
746 2410 851 2462 rerum,

159 2471 243 2533 Qtras
256 2469 340 2528 modo
354 2472 474 2562 gessisti.
516 2470 629 2528 Tamen
645 2471 698 2526 hoc
713 2470 867 2560 tolerabile,
881 2471 975 2528 sinon

161 2550 197 2608 Et
212 2551 327 2607 furere
320 2550 449 2625 incipias,
464 2561 496 2606 ut
506 2550 664 2606 avunculus
680 2549 727 2606 ille
741 2549 876 2622 Neronis,

159 2629 216 2686 Cui
231 2639 318 2686 totam
332 2629 444 2686 tremuli
461 2629 581 2686 frontem
596 2629 728 2686 Caesonia
742 2628 811 2704 pulli

159 2707 276 2774 Inludit.
317 2707 394 2770 Quae
409 2727 465 2766 non
481 2708 576 2778 saciet,
589 2709 664 2781 quod
680 2707 819 2783 Principis
833 2709 923 2766 uxorl
959 2698 1002 2754 ί

159 2789 308 2846 Ardebant
321 2799 434 2859 cuncta,
449 2799 478 2844 et
492 2787 580 2843 fracta
594 2805 731 2862 compage
745 2788 874 2858 ruebant,

68 2911 73 2922 .
160 2867 226 2925 Non
241 2869 331 2939 aliter,
346 2864 468 2941 qudm
447 2886 470 2922 sr
486 2866 597 2923 lecisset
611 2866 688 2922 luno
702 2867 833 2922 maritum

160 2946 306 3004 lasanum.
348 2943 447 3003 Minus
461 2943 530 3020 ergd
546 2964 652 3001 nocens
666 2945 720 3001 erit
735 2944 900 3020 Agrippinae
919 2984 955 3022 s.

160 3025 294 3082 Boletus:
316 3024 454 3101 siqitjglem
471 3025 555 3081 unius
568 3024 724 3099 praecordia
738 3024 839 3099 pressit
871 3041 911 3090 sc
929 3049 963 3080 vo
978 3042 1013 3074 tc

160 3103 213 3162 llle
227 3105 313 3175 senis,
327 3103 534 3179 tremulumque
548 3115 633 3178 caput
646 3103 821 3160 descendere
832 3101 916 3177 jussit

160 3183 194 3240 In
210 3184 324 3254 coelum,
339 3195 368 3238 et
379 3182 492 3258 longam
508 3183 652 3239 manantia
665 3183 743 3238 labra
757 3181 880 3238 salivam.

160 3263 233 3319 Haec
245 3262 336 3337 poscit
351 3261 455 3317 serrum
469 3273 551 3336 atque
567 3261 656 3336 ignes,
672 3263 733 3317 haee
747 3261 822 3350 potio
836 3271 966 3335 torquet·

62 3379 67 3391 ,
159 3341 233 3398 llaec
244 3341 350 3398 lacerat
365 3341 466 3397 mixtos
480 3339 613 3414 Equitum
629 3358 693 3396 cum
710 3340 848 3414 sanguine
864 3339 968 3397 Patres.

45 3428 79 3462 ¹-
114 3453 116 3460 ι
157 3421 247 3478 lauti
262 3432 358 3496 partus
372 3420 467 3493 equae¹
489 3419 586 3493 quanti
602 3438 659 3474 una
673 3419 799 3474 venefica
812 3419 942 3476 constatl
1010 3441 1025 3476 f
1056 3449 1086 3467 ι·

173 3489 330 3556 Oderunt
345 3510 426 3554 natos
440 3499 475 3554 de
489 3497 608 3572 pellice;
631 3517 714 3554 nemo
730 3509 877 3572 repugnet,

160 3577 254 3635 Nemo
268 3587 361 3634 vetet:
380 3577 438 3652 jam
450 3577 508 3652 jam
523 3576 692 3652 privignum
696 3577 828 3633 occidere
844 3575 884 3632 sas
898 3587 948 3634 est.

159 3659 219 3715 Vos
232 3675 295 3730 ego,
311 3655 419 3732 pupilli,
435 3675 544 3726 moneo,
559 3655 660 3729 quibus
674 3655 791 3730 amplior
805 3666 848 3711 est
862 3675 917 3728 res,

158 3735 308 3793 Custodite
323 3735 441 3805 animas,
456 3745 483 3790 et
498 3735 567 3790 nulli
582 3734 688 3789 credite
705 3752 818 3790 mensae.

159 3815 261 3872 Livida
274 3825 402 3870 materno
417 3813 524 3869 fervent
539 3813 650 3888 adipata
666 3831 781 3868 venene.
