2666 4310
482 277 484 282 ·
574 249 699 298 aarum
717 250 765 300 lll.

177 393 303 451 Perdidit
317 391 415 450 infelix
430 402 520 451 totum
535 393 624 450 nihil:
646 393 763 450 ultimus
777 405 872 452 autem

178 473 327 531 AErumnae
342 473 484 543 cumulus,
498 470 574 546 qudd
589 473 708 543 nudum,
722 487 751 529 et
766 473 854 530 frusta
868 486 1016 549 rogantem

177 551 272 608 Nemo
286 551 361 621 cibo,
376 571 461 608 nemo
474 551 603 626 hospitio,
618 563 749 625 tectoque
768 552 884 626 juvabit.

177 632 209 688 Si
224 650 329 706 magna
351 631 462 688 Asturii
485 631 590 687 cecidit
604 631 721 686 domus:
743 631 857 688 horrida
871 641 970 703 mater,

179 710 281 766 Pullati
296 728 437 784 proceres,
452 708 546 767 differt
560 710 719 766 vadimonia
733 721 842 785 praetor.
1108 711 1160 770 195

177 788 264 846 Tunc
278 787 420 864 gemimus
433 807 517 844 casus
531 789 625 858 Urbis,
639 800 708 844 tunc
721 789 833 846 odimus
847 789 953 863 ignem.

177 869 269 925 Ardet
283 868 387 937 adhuc,
401 867 497 943 etjam
511 868 644 937 accurrit,
658 867 706 940 qui
721 887 860 925 marmora
873 868 970 941 donet,

177 945 313 1004 Conferat
329 945 479 1021 impensas.
522 945 581 1002 Hic
595 947 672 1002 nuda
682 957 712 1003 et
724 946 849 1004 candida
863 947 955 1022 signa,

178 1025 236 1083 Hic
252 1024 356 1100 aliquid
372 1025 539 1100 praeclarum
555 1024 748 1100 Euphranoris
762 1036 790 1084 et
804 1025 950 1101 Polycleti,

181 1105 251 1162 Haec
265 1105 438 1162 Asianorum
454 1116 549 1162 vetera
561 1116 731 1162 ornamenta
745 1105 872 1176 deorum,

180 1182 236 1241 llic
249 1183 334 1242 libros
348 1182 437 1256 dabit,
451 1193 480 1239 et
494 1183 606 1254 forulos,
622 1183 800 1257 mediamque
814 1182 984 1259 Minervam,

179 1262 237 1320 llic
250 1263 375 1320 modium
392 1263 509 1336 argenti.
551 1260 673 1320 Meliora
686 1281 720 1320 ac
733 1262 814 1338 plura
827 1264 938 1339 reponit

180 1342 310 1399 Persicus
323 1341 454 1400 orborum
468 1341 639 1398 lautissimus
653 1351 681 1397 et
695 1337 795 1399 merito
807 1341 865 1416 jam

179 1422 346 1497 Suspectus,
362 1431 496 1495 tanquam
513 1421 571 1494 ipse
586 1439 652 1476 suas
666 1420 826 1478 incenderit
840 1421 923 1480 aedes.

179 1502 210 1558 Si
224 1513 303 1576 potes
317 1499 399 1558 avelli
414 1499 608 1570 Circensibus,
622 1499 730 1574 optima
744 1500 833 1572 Sorae,

178 1581 239 1638 Aut
254 1579 424 1637 Fabrateria
438 1579 548 1649 domus,
563 1590 612 1636 aut
626 1577 787 1636 Frusinone
800 1589 924 1654 paratur,

177 1660 289 1720 Quanti
304 1677 382 1716 nunc
396 1658 529 1715 tenebras
543 1675 632 1714 unum
648 1658 786 1716 conducis
801 1657 831 1715 in
846 1677 962 1718 annum.

179 1739 315 1796 Hortulus
330 1738 387 1808 hic,
401 1748 557 1812 puteusque
572 1737 673 1807 brevis,
689 1756 743 1793 nec
757 1749 831 1794 reste
845 1740 1011 1812 movendus,

178 1817 213 1876 In
228 1831 328 1876 tenues
341 1817 451 1893 plantas
465 1815 540 1873 facili
555 1815 720 1872 diffunditur
735 1817 844 1874 haustu.

178 1898 250 1955 Vive
265 1897 386 1954 bidentis
400 1915 508 1966 amans,
523 1905 551 1952 ct
564 1895 634 1952 culti
648 1895 759 1952 villicus
774 1896 863 1964 horti3

178 1976 261 2034 Unde
275 1976 389 2051 epulum
404 1974 494 2050 possis
508 1985 623 2031 centum
638 1975 705 2031 dare
720 1974 913 2049 Pythagoreis.

178 2055 229 2114 Est
243 2055 359 2130 aliquid,
374 2072 543 2129 quocunque
557 2054 629 2123 loco,
643 2071 812 2128 quocunque
826 2072 951 2126 recessu,

178 2135 270 2194 Unius
283 2154 346 2192 sese
360 2133 506 2192 dominum
522 2133 623 2190 fecisse
636 2132 758 2190 lacertae.

103 2273 107 2278 ,
217 2215 360 2271 Plurimus
375 2212 422 2270 hic
437 2231 511 2287 eger
526 2212 642 2268 moritur
656 2211 817 2286 vigilando:
839 2212 889 2270 sed
904 2211 983 2270 illum

178 2287 357 2368 Languorem
371 2291 480 2368 peperit
493 2291 575 2350 cibus
589 2291 778 2366 imperfectus,
792 2302 821 2350 et
835 2292 945 2350 herens

177 2374 299 2432 Ardenti
312 2373 466 2429 stomacho.
509 2370 586 2428 Nam
600 2389 663 2445 quae
677 2371 819 2430 meritoria
832 2390 963 2434 somnum

177 2453 364 2511 Admittuntl
386 2450 501 2525 Magnis
513 2450 614 2525 opibus
628 2449 765 2507 dormitur
780 2450 809 2508 in
824 2449 917 2510 Urbe:

178 2531 250 2590 lnde
262 2542 348 2608 caput
361 2530 461 2588 morbi.
503 2529 671 2586 Rhedarum
686 2530 820 2588 transitus
834 2543 912 2590 arcto

177 2612 314 2670 Vicorunr
326 2612 355 2668 in
368 2609 491 2682 flexu,et
501 2611 601 2666 stantis
614 2608 744 2666 convicia
757 2610 884 2668 mandra

178 2691 305 2768 Eripient
318 2707 449 2748 somnum
464 2687 567 2758 Druso,
582 2687 730 2762 vitulisque
744 2687 868 2746 marinis.

176 2772 208 2828 Si
223 2782 305 2828 vocat
317 2769 452 2839 officium,
466 2767 549 2848 tuqbd
563 2767 684 2828 cedente
698 2767 815 2826 vehetur

176 2851 273 2922 Dives,
287 2861 316 2907 et
330 2848 438 2923 ingenti
453 2857 547 2906 curret
560 2865 644 2922 super
657 2866 706 2904 ora
720 2847 856 2918 Liburno,

178 2933 271 3006 Atque
285 2929 375 2986 obiter
390 2927 474 3002 leget,
490 2937 538 2984 aut
549 2927 663 2996 scribet,
676 2926 718 2985 vel
733 2926 853 2984 dormiet
867 2926 963 2999 intus3

177 3009 308 3084 Namque
323 3006 390 3064 facit
403 3023 536 3064 somnum
549 3005 647 3062 clausit
661 3005 763 3062 lectica
777 3005 901 3064 fenestre

179 3085 254 3146 Ante
269 3099 365 3145 tamen
380 3084 492 3142 veniet:
515 3085 595 3142 nobis
609 3084 824 3160 properantibus
837 3085 931 3143 obstat

177 3168 260 3226 Unda
274 3167 366 3243 prior:
390 3183 492 3240 magno
506 3164 625 3238 populus
638 3163 740 3238 premit
753 3163 867 3239 agmine
880 3164 1001 3240 lumbos,
1077 3161 1081 3166 ’

176 3248 236 3310 atui
251 3246 384 3322 sequitur.
426 3241 505 3302 Ferit
522 3243 567 3300 hic
581 3243 687 3313 cubito,
703 3243 766 3300 ierit
780 3261 874 3302 assere
887 3244 960 3302 duro

179 3328 257 3384 Alter
269 3346 276 3393 ;
298 3335 327 3382 at
338 3325 385 3381 hio
398 3323 509 3397 tignum
523 3322 609 3397 capiti
624 3322 735 3392 incutit,
751 3321 797 3379 ille
812 3335 968 3382 metretam.

178 3405 301 3480 Pinguia
314 3423 397 3462 crura
411 3403 479 3473 luto,
493 3401 590 3476 planti
606 3420 671 3458 mox
686 3402 810 3474 undique
825 3402 930 3477 magud

176 3485 289 3555 Caloor,
303 3493 332 3540 et
346 3483 375 3540 in
390 3482 480 3556 digito
493 3481 591 3538 clavus
606 3481 674 3538 mihi
697 3481 793 3538 militis
808 3482 903 3539 barret

217 3562 321 3620 Nonne
336 3562 424 3631 vides,
438 3570 544 3635 quanto
558 3559 718 3616 celebretur
732 3560 857 3634 sportula
871 3560 968 3619 lumel

176 3641 302 3698 Centum
316 3639 458 3698 convivae:
480 3637 605 3712 sequitur
620 3657 672 3694 sua
682 3657 823 3712 quemque
838 3639 942 3698 culina

176 3720 301 3778 Corbulo
314 3719 359 3776 vix
374 3718 458 3775 lerret
472 3727 511 3777 tot
525 3735 589 3774 vasa
606 3716 741 3791 ingentia.
756 3728 796 3774 tot
809 3735 855 3776 res

179 3799 328 3875 impositas
341 3799 437 3867 capiti,
451 3815 521 3870 quas
537 3812 614 3853 ecto
629 3810 732 3854 vertice
747 3808 838 3872 portat
