2666 4310
569 253 691 301 SATIRA
712 253 756 301 tv.

175 392 279 452 Dicere
292 393 316 451 si
330 404 422 452 tentes
435 395 552 470 aliquid,
566 397 704 453 tacitusve
719 397 846 469 recedas,

175 473 360 532 Tantundem
374 484 434 544 est;
457 475 561 532 feriunt
575 477 696 550 pariter:
719 475 879 533 vadimonia
893 475 998 534 deinde
1103 477 1163 536 28⁰

174 552 242 609 lrati
258 553 373 610 faciunt.
415 553 544 610 Libertas
557 555 688 630 pauperis
703 556 764 611 haec
778 568 839 612 est:

176 631 306 688 Pulsatus
320 642 408 706 rogat,
423 643 452 688 et
466 634 569 708 pugnis
585 635 718 690 concisus
731 635 838 706 adorat,

175 710 212 768 Ut
226 711 312 768 liceat
326 711 425 788 paucis
440 729 505 768 cum
521 713 656 769 dentibus
673 713 740 770 iude
754 713 864 770 reverti.

213 789 278 846 Nec
292 803 387 847 tamen
402 791 463 846 haec
478 789 589 848 tautum
604 803 732 848 metuas:
754 811 830 862 nam,
845 792 893 867 qui
907 791 1007 868 spoliet
1017 805 1056 866 te,

176 868 240 926 Non
256 869 355 941 deerit,
370 869 474 926 clausis
489 870 628 941 domibus,
643 883 790 946 postquam
804 872 897 928 omnis
912 873 1020 950 ubique·
1103 873 1164 932 285

174 947 245 1006 F'xa
259 960 396 1006 catenatae
411 948 488 1005 siluit
501 967 639 1024 compago
652 949 786 1006 tabernae.

175 1025 323 1084 Interdum
337 1039 365 1085 et
379 1028 452 1084 serro
466 1028 575 1084 subitus
589 1041 729 1103 grassator
744 1029 802 1104 agit
816 1049 886 1101 rem,

173 1107 293 1170 Armate
307 1107 417 1182 quoties
432 1118 499 1164 tutae
514 1108 631 1164 custode
645 1119 778 1165 tenentur

176 1184 212 1243 Et
227 1186 358 1244 Pomtina
371 1185 452 1262 palus
465 1197 494 1243 et
507 1186 662 1243 Gallinaria
676 1187 767 1262 pinus.

173 1265 223 1322 Sic
237 1266 304 1322 iude
319 1267 376 1322 huc
389 1284 497 1336 omnes
512 1277 645 1339 tanquam
661 1267 696 1322 ad
712 1266 824 1337 vivaria,
839 1279 964 1325 currunt.
1103 1268 1166 1326 290

172 1344 242 1405 Qut
256 1345 370 1402 fornace
384 1363 492 1419 graves,
507 1345 562 1418 qud
577 1363 634 1400 non
650 1345 753 1402 incude
769 1347 898 1403 catenael

173 1423 317 1480 Maximus
331 1424 360 1480 in
375 1423 475 1479 vinclis
489 1423 552 1480 ferri
568 1425 677 1495 modus,
692 1436 723 1481 ut
736 1425 846 1496 timeas,
860 1444 898 1483 ne

176 1503 279 1560 Vomer
293 1502 416 1573 deficiat,
431 1521 467 1558 ne
483 1521 581 1559 marrae
595 1516 624 1560 et
638 1504 749 1560 sarcula
763 1504 865 1560 desint.

176 1581 289 1639 Felices
302 1601 468 1657 proavorum
485 1593 588 1652 atavos,
603 1581 695 1639 felicia
710 1583 788 1639 dicas

173 1661 294 1733 Saecula,
310 1680 373 1736 quae
387 1661 530 1737 quondam
545 1662 598 1717 sub
612 1661 725 1736 regibus
740 1673 822 1736 atque
836 1662 959 1721 tribunis
1103 1663 1163 1722 295

172 1740 314 1798 Viderunt
328 1760 385 1797 uno
399 1751 560 1797 contentam
575 1759 690 1797 carcere
705 1740 838 1798 Romam.

213 1819 268 1877 His
281 1819 352 1876 alias
365 1831 490 1895 poteram
506 1831 534 1876 et
548 1819 641 1895 plures
655 1821 823 1877 subnectere
838 1838 959 1878 causas:

174 1898 232 1956 Sed
243 1899 497 1976 jumentalvccant,
511 1910 539 1955 et
553 1899 593 1955 sol
609 1898 746 1956 inclinat:
767 1900 895 1956 eundum
910 1911 970 1970 est;

173 1977 249 2035 Nam
264 1978 335 2035 mihi
349 1978 491 2034 commota
503 1977 670 2052 jamdudum
686 1979 773 2035 mulio
787 1979 866 2054 virgd

173 2057 294 2114 Annuit.
336 2054 412 2132 Ergd
428 2057 488 2114 vale
503 2057 590 2114 nostri
605 2077 721 2128 memor,
736 2069 774 2128 et,
789 2057 898 2132 quoties
909 2069 937 2115 te
1103 2059 1163 2116 300

173 2136 269 2194 Reme
282 2147 331 2194 tuo
345 2136 422 2193 refici
437 2148 632 2211 properantem
648 2137 747 2193 reddet
761 2137 886 2212 Aquin0‚

173 2214 224 2272 Me
238 2234 348 2291 quoque
362 2216 398 2272 ad
414 2215 564 2272 Helvinam
581 2215 716 2272 Cererem
731 2228 906 2290 vestramque
920 2214 1044 2274 Dianam

173 2294 309 2352 Convelle
323 2314 341 2351 a
353 2293 462 2352 Cumis.
505 2294 660 2352 Satirarum
675 2314 739 2370 ego,
754 2295 783 2352 ui
798 2296 885 2371 pudet
899 2295 970 2368 illas,

177 2374 296 2450 Adjutor
308 2373 420 2450 gelidos
434 2373 545 2431 veniam
559 2375 698 2450 caligatus
712 2375 741 2431 in
756 2395 846 2451 agros.

549 2653 706 2711 SATIRA
728 2653 780 2712 lv.

213 2774 295 2833 Ecce
310 2774 412 2832 iterum
427 2773 592 2850 Crispinus!
614 2786 643 2831 et
657 2788 700 2831 est
714 2774 783 2831 mihi
797 2772 873 2851 saepd
888 2775 1032 2834 vocandus

174 2855 220 2911 Ad
237 2866 340 2930 partes,
355 2865 511 2911 monstrum
527 2853 605 2910 nullia
620 2853 721 2910 virtute
736 2854 913 2930 redemptum

174 2934 201 2990 A
216 2933 300 3005 vitiis,
315 2953 399 3009 teger,
414 2933 529 3008 solique
542 2933 659 2990 libidine
675 2933 803 2990 fortis.—

172 3013 253 3074 Quid
268 3014 353 3070 resert
367 3012 461 3088 igitur,
476 3011 588 3087 quantis
599 3011 729 3086 jumenta
743 3012 840 3086 fatiget

176 3091 354 3150 Porticibusl
374 3093 480 3166 quante
495 3109 642 3148 nemorum
657 3102 782 3147 vectetur
796 3091 825 3147 iu
841 3091 962 3149 umbrtt
1143 3091 1163 3150 b

173 3170 191 3227 J
193 3191 279 3248 ugera
292 3183 360 3246 quot
371 3171 463 3227 vicina
478 3170 546 3240 soro,
560 3187 630 3244 quas
643 3169 744 3227 emerit
757 3170 853 3226 tedesl

173 3249 267 3307 Nemo
282 3251 372 3307 melus
387 3250 470 3318 felix;
494 3247 611 3306 minime
626 3261 782 3324 corruptor,
794 3260 823 3306 et
836 3249 912 3306 idem

174 3328 315 3401 Incestus,
330 3349 396 3386 cum
411 3348 467 3403 quo
482 3347 571 3404 nuper
586 3327 683 3384 vittata
695 3327 818 3402 jacebat,

173 3409 322 3483 Sanguine
336 3409 431 3466 adhuc
445 3408 508 3465 vivo
522 3419 626 3463 terram
640 3408 776 3478 subitura,
791 3408 931 3465 sacerdos.

173 3488 230 3545 Sed
246 3507 324 3544 nunc
338 3489 374 3544 de
389 3487 470 3545 sactis
485 3485 655 3544 levioribus:
677 3498 815 3543 ettamen
830 3487 899 3544 alter
1128 3487 1163 3544 1⁰

173 3567 203 3624 Si
219 3566 332 3624 lecisset
347 3567 433 3636 idem,
448 3566 564 3623 caderet
578 3565 630 3622 sub
643 3565 739 3640 judice
754 3585 872 3623 morum.

173 3645 249 3702 Nam
264 3647 338 3721 quod
353 3656 435 3721 turpe
450 3646 541 3715 bonis,
556 3644 635 3701 Titio
652 3645 784 3719 Sinuque,
800 3645 920 3703 decebat

171 3726 345 3800 Crispinum.
385 3725 467 3786 Quid
483 3743 560 3800 agas,
575 3743 662 3798 quum
677 3725 739 3780 dira
752 3737 781 3781 et
795 3724 893 3781 soedior
907 3723 985 3782 omni

170 3804 299 3864 Crimine
312 3823 433 3882 persona
446 3804 511 3860 estl
552 3802 674 3859 Mullum
688 3821 738 3860 sex
752 3803 875 3860 millibus
888 3804 965 3862 emit.
