2652 4308
156 353 196 409 82
467 350 500 399 Ι).
517 349 615 399 JUNll
632 349 828 398 Juvsnntts

155 493 241 554 erod
256 491 365 568 Tagus,
379 505 408 550 et
422 494 505 550 rutila
520 494 604 552 volvit
617 493 749 550 Pactolus
763 491 860 564 arent,

158 572 271 646 Frigida
285 572 425 628 sufficient
440 573 564 628 velantes
579 573 695 646 inguina
710 573 806 647 panni,

159 651 338 726 llxiguusque
352 651 444 721 cibus,
461 653 552 706 urerstl
566 663 625 707 rate
641 651 794 724 naufragus
808 669 900 706 assem

126 749 130 756 ·
159 729 234 785 Dum
250 741 328 822 rogat
354 741 383 785 et
397 731 472 804 plcttl
487 749 517 786 se
532 741 698 804 tempestate
712 741 815 786 tuetur.

156 807 259 864 Tantis
272 776 476 888 pahfti'r'n'alib‘c
498 810 528 865 ra
543 809 648 883 majore
657 819 789 881 metuque

158 887 321 943 Servantur.
363 885 469 944 Misera
483 900 526 944 est
541 888 637 962 magni
652 887 780 943 custodia
793 885 906 944 censita.

195 965 345 1041 Dispositis
358 966 494 1040 predives
508 966 599 1022 hamis
613 966 727 1040 vigilare
741 965 887 1022 cohortem

157 1045 307 1101 Servorum
323 1055 409 1101 noctu
423 1045 541 1100 Licinus
552 1045 641 1120 jubet,
657 1043 791 1100 attonitus
805 1063 856 1118 pro

158 1122 280 1194 Electra,
295 1123 438 1198 signisque
452 1123 521 1194 suis,
537 1123 715 1198 Phrygiaque
729 1122 874 1192 columna,

157 1203 252 1278 Atque
266 1202 361 1272 ebore,
375 1211 404 1257 et
418 1201 475 1258 latit
488 1201 638 1258 testudine.
680 1200 765 1257 Dolia
779 1200 848 1257 nudi

158 1279 224 1337 Non
239 1281 339 1337 ardent
353 1279 472 1354 Cynici:
493 1281 516 1336 si
531 1280 656 1355 fregeris,
670 1280 758 1336 altera
772 1279 820 1336 liet

158 1359 230 1416 Cras
244 1361 354 1429 domus,
369 1371 417 1415 aut
430 1359 529 1416 eadem
545 1359 659 1433 plumbo
673 1359 824 1414 commissa
837 1358 972 1416 mauebit.

159 1438 255 1494 Sensit
269 1437 440 1508 Alexander,
455 1439 527 1494 testa
540 1455 625 1512 quum
641 1437 710 1493 vidit
724 1437 752 1492 in
769 1437 816 1492 itta

159 1515 297 1590 Magnum
313 1516 507 1588 habitatorem,
521 1531 625 1590 quanto
639 1515 746 1572 felicior
761 1516 818 1586 hic,
832 1515 880 1590 qui

159 1594 208 1650 Nil
223 1607 348 1671 cuperet,
362 1593 446 1668 qudm
461 1597 507 1669 qni
522 1607 609 1651 totum
624 1595 676 1650 sibi
691 1607 821 1670 posceret
833 1594 942 1666 orbern,

159 1673 295 1730 Passurus
308 1675 395 1750 gestis
410 1675 547 1746 aequanda
557 1674 683 1748 pericula
697 1673 789 1732 rebus.

159 1752 278 1810 Nullum
292 1771 398 1809 numen
415 1749 511 1822 habes,
523 1755 546 1808 si
561 1753 596 1808 sit
610 1753 778 1827 prudentia:
800 1771 852 1808 nos
866 1763 905 1822 te,

158 1831 221 1888 Nos
236 1832 364 1902 facimus,
379 1829 514 1901 Fortuna,
530 1831 630 1887 Deam.
674 1829 813 1888 Mensura
826 1841 923 1888 nmen
937 1849 1001 1906 quae

159 1911 288 1968 Sufficiat
298 1910 412 1980 cerrsfrs,
426 1909 449 1965 si
464 1910 526 1983 quis
541 1929 585 1966 me
600 1910 740 1979 consulat,
755 1910 838 1986 edam
852 1929 858 1965 :
873 1901 980 1973 ’ΐὶέζ

158 1989 193 2046 In
208 2002 343 2064 quantum
355 1989 415 2045 sitis
429 1999 511 2062 atque
527 1990 613 2045 fames
627 1999 655 2044 et
670 1988 773 2062 frigora
786 2000 917 2062 poscunt,

157 2069 319 2140 (lucratum,
335 2067 467 2142 Epicure,
481 2067 532 2124 tibi
547 2067 639 2142 parvis
653 2067 765 2122 suffecit
779 2067 807 2122 iri
824 2067 923 2138 hortis,

158 2149 308 2208 Quantum
324 2148 395 2220 Socr
414 2142 693 2222 ticiceperuntppte
708 2158 833 2220 penates.
1090 2145 1153 2202 32⁰

158 2226 313 2300 Nunquam
331 2165 544 2294 aliuil'Nit'tura,
560 2220 635 2280 aliud
651 2212 797 2298 Sapientia
811 2223 904 2280 dicit»

159 2305 284 2361 Acribus
297 2303 433 2378 exemplis
447 2304 540 2360 videor
555 2315 583 2360 te
597 2303 737 2359 claudere.
779 2301 871 2358 Misce
1031 2359 1036 2375 ,

158 2381 236 2456 Ergd
249 2383 353 2457 aliquid
369 2382 472 2438 nostris
485 2383 521 2438 de
535 2381 675 2438 moribus:
696 2381 777 2452 effice
792 2397 942 2451 summam,
955 2362 1071 2425 ΨΜ)
1163 2443 1165 2450 Α

160 2461 209 2518 Bis
222 2473 329 2535 septem
343 2453 491 2517 ordinibus
504 2479 587 2534 quam
602 2461 646 2516 lex
661 2459 794 2533 dignatur
808 2458 940 2516 Othonis.

159 2539 234 2595 Haec
248 2558 357 2614 quoque
371 2538 394 2594 si
409 2557 507 2613 rugam
522 2539 615 2609 trahit,
629 2538 813 2611 extenditque
827 2537 979 2607 labellum;
1091 2539 1154 2596 825

106 2624 109 2630 '
160 2619 249 2674 Sume
263 2618 334 2674 duos
347 2617 473 2691 Equites,
488 2617 629 2674 faotertia
642 2615 857 2690 quadringenta.

160 2695 192 2752 Si
207 2696 332 2752 nondum
348 2695 458 2769 implevi
473 2695 623 2778 gremium,
635 2695 658 2750 si
672 2695 806 2770 panditur
818 2692 909 2751 ultrd:

161 2773 188 2829 N
191 2791 225 2828 ec
239 2773 330 2830 Croesi
345 2775 455 2830 fortuna
469 2793 592 2848 unquam
607 2793 660 2831 nec
676 2773 790 2830 Persica
804 2791 893 2850 regna

160 2849 610 2924 Sufficientarrimo,necdiuitiae
625 2853 765 2924 Narcissi,
866 2855 869 2866 ⁴
998 2913 1006 2935 s
1036 2901 1099 2930 ,M

161 2928 283 2985 Indulsit
297 2931 393 2987 Cesar
407 2931 454 2987 cui
469 2930 606 3008 Claudius
619 2931 725 3002 omnia,
740 2930 827 3007 cujus
841 2929 871 2950 “²
884 2925 927 2946 '‘
941 2929 944 2940 ’
956 2931 965 2994 J
974 2925 984 3001 ,¹
1025 3005 1026 3008 Ἴ
1057 2974 1062 2990 r

162 3006 259 3063 Paruit
272 3005 407 3084 imperiis,
422 3027 538 3066 uxorem
552 3011 683 3067 occidere
695 3010 802 3086 jussus.
1083 3019 1087 3033 '

533 3322 690 3380 SATIRA
712 3322 779 3382 XV.

202 3469 282 3528 Quis
297 3476 398 3545 nescit,
413 3477 512 3533 Volusi
527 3478 686 3554 Bithynice,
699 3482 793 3556 qualia
807 3482 926 3539 demens

167 3545 304 3620 AEgyptus
318 3565 447 3624 portenta
461 3555 554 3612 colatl
595 3560 765 3616 Crocodilon
782 3561 879 3617 adorat

167 3621 233 3677 Pars
242 3625 323 3710 hac:
346 3629 392 3684 illa
406 3643 487 3703 pavet
501 3645 623 3694 saturam
639 3640 816 3712 serpentibus
830 3641 898 3696 ibin.

169 3699 281 3770 Effigies
294 3705 366 3760 sacri
381 3707 451 3762 nitet
465 3727 550 3768 aurea
564 3717 763 3790 cercopitheci,

169 3774 291 3833 Dimidio
304 3783 422 3856 magicae
436 3803 569 3848 resonant
583 3795 630 3850 ubi
643 3795 796 3852 Memnone
811 3797 935 3869 chordae,
1138 3799 1162 3862 ὅ
1230 3855 1236 3866 ·
1319 3826 1323 3835 '

175 3850 259 3914 ⁴¹‘ttt0
275 3867 353 3921 retus
368 3858 469 3920 Thebe
483 3882 599 3926 centurn
611 3873 687 3947 jacet
699 3875 799 3930 obruta
812 3875 907 3951 portis.
