2666 4310
588 299 712 346 sartan
730 301 762 346 V.

178 441 318 518 conjuge,
332 463 381 519 per
396 453 521 500 montem
536 441 695 513 adversum,
710 441 876 518 gelidasque
890 441 1005 500 cucurri

180 521 331 597 Esquilias,
346 523 478 580 fremeret
492 522 567 578 sarvia
581 540 668 596 quum
683 521 822 596 grandine
838 540 941 578 vernus

176 601 298 676 Jupiter,
313 614 342 659 et
356 601 445 658 multo
459 601 578 658 stillaret
592 601 705 676 paejnula
718 601 816 658 nimbo
828 601 834 658 l

178 679 315 756 Adspice,
329 679 415 755 quarn
429 680 514 756 longo
529 679 673 737 distendat
687 692 801 755 pectore
816 680 940 752 lancem,

175 759 253 820 Quae
268 759 356 816 fertur
369 759 495 831 domino,
510 759 620 834 squilla,
634 759 781 834 atquibus
795 759 921 835 undique
935 770 1014 836 septa

178 839 343 914 Asparagis,
357 839 414 914 quit
428 839 567 914 despiciat
580 839 710 896 convivia
723 838 827 910 cauda,

175 917 278 978 Quum
293 919 369 975 venit
382 917 488 974 excelsi
502 918 633 974 manibus
647 918 758 974 sublata
771 917 901 976 ministri.

177 997 235 1054 Sed
250 996 300 1054 tibi
314 997 433 1054 dimidio
447 998 616 1054 constrictus
630 1015 792 1054 cammarus
805 1015 859 1054 ovo

177 1074 295 1133 Ponitur
297 1076 423 1158 ,exigua
438 1076 532 1134 feralis
547 1095 630 1133 omna
643 1077 757 1152 patella

176 1153 242 1230 Ipse
257 1123 462 1212 Ἷέιιὲιΐιιιιο
435 1175 542 1231 piscem
557 1155 719 1231 perfundit:
741 1167 769 1212 at
783 1156 831 1212 hio
834 1153 903 1230 ,qui

176 1233 304 1291 Pallidus
318 1234 432 1292 affertur
446 1235 549 1292 misero
562 1235 613 1292 tibi
628 1235 727 1306 caulis,
741 1235 829 1292 olebit

177 1313 340 1371 Laternam.
382 1313 456 1370 lllud
470 1315 548 1371 enirn
562 1315 661 1372 vestris
675 1281 757 1371 datin
771 1313 897 1387 alveolis,
910 1313 986 1389 quod

176 1393 281 1450 Canna
294 1391 481 1468 Micipsarum
496 1395 578 1470 prora
593 1393 722 1450 subvexit
737 1394 838 1462 acuttl3

176 1471 294 1548 Propter
307 1472 381 1548 quod
397 1473 499 1530 Romae
513 1492 579 1530 cum
595 1473 740 1530 Bocchare
755 1492 840 1530 nemo
852 1472 972 1546 lavatur,

175 1550 266 1611 Quod
280 1563 356 1609 tutos
369 1551 455 1608 etiam
470 1552 539 1610 facit
553 1573 569 1610 a
583 1552 762 1642 serpentibus
776 1552 870 1610 Afros.

177 1628 285 1688 Mullus
298 1631 352 1688 erit
365 1631 481 1688 domino
483 1651 588 1707 ,quem
604 1632 681 1688 misit
694 1631 822 1703 Corsica,
837 1631 880 1688 vel
894 1649 978 1708 quem

176 1709 429 1768 Tauromenitana
443 1730 537 1787 rupes,
551 1712 665 1786 quando
678 1730 763 1768 omne
777 1723 924 1802 peractum
938 1722 982 1770 est

176 1787 233 1846 Et
223 1808 282 1865 Jam
296 1789 400 1847 defecit
414 1802 542 1848 nostrum
556 1811 644 1861 mare,
659 1791 727 1846 dum
741 1792 810 1867 gula
823 1791 912 1863 saevit,

177 1867 302 1926 Ratibus
316 1869 437 1926 assiduis
450 1871 563 1960 penitus
577 1881 720 1927 scrutante
734 1869 854 1927 macello

176 1947 318 2020 Proxima,
333 1967 387 2006 uec
401 1950 523 2026 patimur
538 1948 722 2024 Tyrrhenum
737 1967 865 2020 crescere
886 1948 994 2024 piscem

176 2026 295 2085 Instruit
308 2025 378 2104 ergb
393 2029 487 2086 locum
501 2029 662 2104 provincia:
684 2029 803 2085 sumitur
818 2028 896 2085 illinc

175 2106 265 2168 Quod
280 2118 405 2182 captator
420 2120 496 2165 emat
511 2107 614 2178 Lenas,
630 2108 748 2165 Aurelia
762 2107 875 2164 vendat.

175 2185 291 2244 Virroni
305 2205 433 2244 muraena
447 2187 540 2259 datur,
554 2207 617 2262 quae
632 2187 756 2244 maxima
771 2186 847 2244 venit

175 2265 296 2341 Gurgite
310 2266 345 2322 de
361 2267 477 2324 Siculo:
498 2286 575 2338 narn,
591 2267 659 2323 dum
673 2286 703 2324 se
718 2267 845 2324 continet
859 2264 976 2339 Auster,

176 2343 253 2402 Dum
267 2345 389 2402 sedetet
403 2347 492 2404 siccat
507 2346 635 2404 madidas
650 2347 678 2403 in
694 2365 809 2403 carcere
823 2363 942 2421 pennas,

175 2423 373 2493 Contemnunt
386 2426 509 2482 mediam
524 2427 673 2483 temeraria
694 2426 752 2482 lina
766 2425 950 2500 Charybdim.

177 2488 235 2561 Vbs
250 2504 377 2580 anguilla
391 2517 486 2562 manet
500 2505 592 2580 longae
607 2518 729 2581 cognata
743 2505 876 2575 colubrae,

175 2584 236 2640 Aut
250 2583 343 2674 glacie
357 2584 507 2675 adspersus
522 2585 642 2646 maculis
657 2583 825 2655 Tiberinus,
839 2595 868 2664 et
882 2583 942 2668 ipse

175 2662 338 2720 Vernula
316 2682 440 2739 riparum
454 2663 567 2739 pinguis
580 2676 702 2722 torrente
717 2665 825 2734 cloaca,

175 2740 213 2800 Et
227 2742 325 2800 solitus
339 2742 440 2799 mediae
455 2755 581 2818 cryptam
596 2756 744 2834 penetrare
760 2709 890 2800 Suliurae.

216 2820 273 2897 Ipsi
288 2841 379 2896 pauca
394 2822 487 2894 velim,
503 2823 651 2880 facilem'
630 2843 653 2880 si
667 2824 791 2898 praebeat
805 2840 910 2880 aurem.

175 2899 271 2958 Nemo
284 2902 363 2977 petit,
378 2903 498 2959 modicis
510 2921 573 2976 quae
588 2903 771 2960 mittebantur
785 2901 885 2958 amicis

176 2980 203 3036 A
219 2980 334 3037 Seneca
337 3000 421 3056 ,quae
437 2981 501 3040 Piso
516 2983 606 3038 bonus
609 3001 692 3056 ,quae
707 2981 790 3038 Cotta
804 2981 911 3038 solebat

175 3058 303 3134 Largiri;
325 3079 448 3136 namque
462 3072 490 3118 et
504 3061 592 3118 titulis
606 3073 634 3118 ct
649 3061 772 3117 fascibus
785 3060 853 3118 olim

176 3139 268 3216 Major
283 3138 439 3197 habebatur
453 3141 578 3198 donandi
593 3140 699 3216 gloria.
721 3139 811 3211 solum

176 3219 333 3289 Poscimus‚
348 3229 378 3276 ut
392 3239 489 3276 coenes
503 3220 629 3277 civiliter.
672 3206 738 3276 Hoc
753 3219 823 3291 sace,
838 3229 867 3276 et
880 3230 950 3292 esto,

175 3299 254 3370 Esto,
269 3307 301 3353 ut
314 3317 394 3356 nunc
407 3299 499 3370 multi,
513 3299 592 3356 dives
606 3299 657 3356 tibi
661 3318 788 3374 ,pauper
802 3299 910 3357 amicis

215 3346 335 3436 Abseris
350 3390 416 3436 ante
430 3379 522 3454 ipsum
537 3378 633 3453 magni
645 3379 736 3454 jecur,
751 3378 900 3436 anseribus
913 3397 964 3455 par

175 3459 281 3530 Altilis,
296 3467 325 3512 et
336 3455 399 3514 flavi
415 3457 520 3533 dignus
534 3458 607 3514 serro
622 3456 760 3532 Meleagri

175 3538 279 3594 Fumat
294 3553 338 3610 apr
373 3562 378 3592 ι
400 3554 463 3612 post
478 3555 554 3594 nunc
568 3536 714 3593 tradentur
728 3535 838 3607 tubera,
853 3535 876 3594 si
891 3555 940 3596 ter

174 3617 262 3674 Tunc
276 3613 339 3686 erit,
354 3627 381 3673 ot
397 3617 503 3673 sacient
516 3627 612 3690 optata
626 3617 752 3672 tonitrua
765 3633 863 3672 coenas

175 3696 307 3772 Majores.
350 3694 420 3753 Tibi
435 3695 508 3752 habu
524 3696 707 3764 frumentum,
723 3693 855 3752 Alledius
869 3695 970 3769 inquit,

174 3775 202 3833 Ο
217 3775 306 3850 Libye
319 3796 326 3847 ;
347 3775 479 3851 disjunge
494 3773 588 3844 boves,
603 3774 670 3830 dum
685 3773 785 3830 tubera
799 3774 911 3832 mittasl

214 3856 389 3914 Structorem
403 3855 521 3926 interea,
538 3873 573 3911 ne
587 3872 643 3930 qua
657 3852 816 3929 indignatio
830 3853 913 3926 desit,
