2666 4310
575 288 699 336 SATIRA
720 289 793 335 Vlll.

188 429 334 502 Gaurana,
348 440 377 486 et
391 430 487 487 Cosmi
503 441 561 488 toto
576 442 719 506 mergatur
734 435 816 488 abac.

189 507 362 584 Exspectata
376 506 425 566 diri
440 511 556 566 taudem
571 510 717 585 provincia
732 529 820 584 quum
836 523 865 568 te

189 587 344 645 Rectorem
359 589 491 663 accipiet,
505 609 579 664 pone
594 589 642 645 irre
657 589 745 645 fraena
759 591 943 665 modumque,

189 666 267 723 Pone
281 677 310 723 et
324 667 447 724 avaritie
459 686 465 736 ;
486 668 619 724 miserere
635 667 751 742 inopum
765 669 915 726 sociorum.

188 745 264 804 Ossa
279 746 358 804 vides
372 764 471 820 regum
487 747 584 802 vacuis
597 757 715 803 exsucta
729 747 869 804 medullis.
1138 751 1180 809 90

191 823 326 901 Respice,
340 823 408 900 quid
423 835 558 882 moneant
572 825 660 901 leges,
674 826 741 899 quid
756 826 836 882 curia
850 827 976 899 mandet,

190 903 310 960 Praemia
324 914 430 979 quanta
444 904 533 961 bonos
547 914 691 975 maneant,
705 903 792 978 quam
809 905 927 962 fulmine
938 906 1016 982 justo

190 981 227 1040 Et
241 983 344 1058 Capito
357 995 386 1040 et
400 981 535 1040 Numitor
549 983 668 1054 ruerint,
683 983 837 1040 damnante
852 996 963 1056 senatu,

190 1061 292 1118 Piratae
307 1061 441 1120 Cilicum.
484 1063 541 1119 Sed
556 1061 622 1136 quid
639 1062 783 1120 damnatio
797 1063 917 1135 confert,

188 1140 290 1202 Quum
305 1141 398 1198 Pansa
411 1140 521 1216 eripiat,
535 1141 672 1216 quidquid
687 1141 737 1198 tibi
753 1141 842 1199 Natta
857 1142 994 1218 reliquitl
1139 1145 1180 1201 95

190 1217 366 1292 Praeconem,
381 1220 542 1296 Chaerippe,
556 1221 612 1277 tuis
627 1220 816 1296 circumspice
830 1222 943 1296 pannis,

190 1297 311 1374 Jamque
325 1310 397 1356 tace.
439 1298 530 1356 Furor
544 1311 587 1356 est
600 1309 663 1375 post
676 1301 773 1358 omnia
786 1301 905 1376 perdere
920 1302 1045 1360 naulum.

190 1377 257 1435 Non
272 1378 347 1435 idem
362 1377 484 1454 gemitus
498 1379 575 1450 olim,
590 1399 683 1454 neque
699 1379 802 1436 vulnus
816 1391 877 1436 erat
890 1401 941 1458 par

190 1456 376 1530 Damnorum,
392 1457 477 1515 sociis
490 1457 656 1514 florentibus
669 1469 698 1515 et
711 1456 796 1516 modd
811 1459 902 1516 victis.

190 1535 279 1593 Plena
292 1537 394 1594 domus
407 1548 477 1593 tunc
491 1537 593 1608 omnis,
608 1548 637 1594 et
651 1537 753 1612 ingens
767 1539 858 1595 stabat
872 1557 991 1597 acervus

190 1614 390 1687 Nummorum,
404 1616 544 1690 Spartana
557 1616 694 1692 chlamys,
706 1616 857 1692 conchylia
871 1618 942 1692 Coa,

190 1694 228 1751 Et
241 1713 307 1750 cum
319 1694 462 1751 Parrhasii
476 1695 582 1752 tabulis
596 1695 740 1771 signisque
756 1696 884 1771 Myronis

189 1773 358 1830 Phidiacum
372 1774 482 1831 vivebat
495 1773 574 1846 ebur,
588 1794 643 1832 nec
658 1795 715 1834 non
730 1776 864 1850 Polycleti

191 1851 300 1909 Multus
314 1852 417 1928 ubique
432 1853 526 1910 labor:
549 1873 618 1910 rarae
633 1854 695 1912 sine
710 1854 841 1912 Mentore
855 1873 970 1914 mensae.

190 1929 263 1988 Inde
279 1931 426 1990 Dolabella
440 1943 577 2006 astatque
592 1933 827 2004 hincrAntoniua
842 1933 909 1990 inde

189 2011 353 2087 Sacrilegus
368 2011 491 2068 Verres:
513 2011 671 2068 referebant
685 2013 806 2069 navibus
821 2013 883 2070 altis

188 2090 312 2148 Occulta
326 2091 424 2166 spolia,
438 2103 467 2147 et
480 2090 574 2166 plures
588 2091 624 2146 de
638 2111 708 2166 pace
723 2092 888 2166 triumphos.

189 2169 278 2227 Nunc
292 2170 376 2227 sociis
386 2169 456 2246 juge
468 2188 559 2245 pauca
574 2169 669 2241 boum,
683 2190 752 2246 grex
765 2189 867 2246 parvus
880 2190 1026 2246 equarum,

189 2249 227 2306 Et
241 2261 320 2324 pater
334 2249 452 2306 armenti
467 2261 550 2324 capto
563 2249 697 2324 eripiatur
712 2250 820 2325 agell03

190 2329 247 2404 lpsi
262 2327 366 2386 deinde
381 2328 477 2400 Lares,
491 2329 514 2385 si
529 2329 603 2403 quod
618 2329 770 2404 spectabile
784 2330 907 2404 signum,

189 2409 222 2466 Si
235 2407 298 2483 quis
313 2408 341 2465 in
357 2408 477 2466 ediculri
491 2408 562 2464 deus
577 2409 688 2464 unicus.
731 2409 804 2465 Haec
818 2409 925 2466 etenim
939 2420 1006 2467 sunt
1073 2455 1077 2462 .

190 2488 246 2545 Pro
259 2487 394 2544 summis:
417 2507 482 2544 narn
497 2498 563 2544 sunt
579 2488 639 2544 haec
654 2487 786 2544 maxima.
828 2487 976 2564 Despicias
990 2500 1021 2547 tu

189 2567 320 2625 Forsitan
335 2567 462 2624 imbelles
476 2567 615 2638 Rhodios,
632 2580 803 2642 unctamque
815 2567 991 2626 Corinthon:

188 2645 337 2722 Despicias
351 2643 461 2703 meritd.
501 2645 582 2708 Quid
598 2647 720 2703 resinata
731 2646 874 2721 juventus,

188 2725 334 2800 Cruraque
348 2727 432 2782 totius
448 2725 552 2782 facient
566 2725 617 2782 tibi
632 2726 704 2782 levia
718 2728 833 2801 gentisl

189 2805 313 2862 Horrida
328 2805 442 2862 vitanda
455 2815 499 2861 est
513 2805 663 2880 Hispania,
678 2805 806 2863 Gallicus
820 2805 890 2877 axis,

189 2883 390 2959 Illyricumque
404 2884 478 2941 latus
517 2903 602 2960 parce
613 2900 642 2942 et
657 2885 827 2942 messoribus
842 2885 906 2957 illis,

187 2963 249 3025 Qui
263 2973 390 3020 saturant
405 2963 512 3034 urbem,
527 2963 614 3021 Circo
627 2983 776 3038 scenaique.
792 2963 948 3022 cluentem.

187 3041 306 3104 Quanta
318 3053 412 3099 autem
426 3042 493 3098 inde
509 3042 581 3098 leres
594 3055 652 3099 tarn
668 3043 736 3099 dirae
751 3044 866 3118 praemia
877 3043 978 3119 culpa,

187 3122 288 3184 Quum
302 3133 402 3180 tenues
417 3140 506 3196 nuper
521 3120 631 3178 Marius
645 3122 810 3179 discinxerit
825 3123 931 3181 Afrosl
966 3125 970 3138 '
984 3125 1000 3192 7
1012 3129 1039 3188 ‘i'
1121 3125 1177 3183 12⁰

188 3200 355 3258 Curandum
370 3200 399 3258 in
414 3199 521 3276 primis,
535 3220 572 3256 ne
587 3219 690 3276 magna
704 3201 805 3277 injuria
820 3202 868 3260 liat

130 3323 132 3330 ,
189 3279 320 3338 Fortibus
334 3290 363 3337 et
376 3279 494 3338 miseris.
536 3279 635 3337 Tollas
649 3277 718 3336 licdt
731 3300 826 3352 omne,
840 3281 914 3356 quod
929 3301 1049 3357 usquam
1063 3295 1109 3342 eat

188 3359 261 3416 Auri
276 3370 359 3434 atque
373 3358 483 3434 argenti
495 3378 502 3427 ;
525 3370 636 3416 scutum
652 3359 833 3435 gladiumque
847 3361 999 3436 relinques,

188 3437 225 3496 Et
236 3437 332 3514 jacula
345 3451 373 3494 et
386 3438 495 3512 galeam
508 3455 515 3493 τ
537 3438 661 3513 spoliatis
675 3457 754 3494 arma
767 3452 925 3514 supersunt.

187 3517 275 3578 Quod
290 3514 375 3573 modb
389 3516 531 3592 proposui,
545 3536 602 3573 non
616 3529 660 3574 est
673 3519 830 3574 sententia:
853 3516 950 3577 verbm
1122 3520 1174 3577 125

188 3595 314 3667 Credite,
329 3614 374 3652 me
389 3595 466 3652 vobis
481 3595 577 3652 lolium
592 3597 710 3652 recitare
723 3597 847 3672 Sibyllae.

189 3675 221 3731 si
237 3675 287 3733 tibi
302 3687 400 3732 sancta
414 3675 515 3732 cohors
529 3675 676 3747 comitum,
692 3675 715 3730 si
730 3695 815 3732 nemo
829 3675 952 3733 tribunal

191 3753 297 3812 Vendit
311 3753 528 3823 Acersecomes‚
543 3753 566 3809 si
581 3757 689 3810 nujwn
706 3755 734 3810 in
749 3754 871 3829 conjuge
885 3757 1005 3826 crimen,

190 3831 254 3891 Nec
268 3851 316 3909 per
331 3844 532 3893 conventuser
546 3845 651 3890 cuncta
666 3855 710 3908 per
726 3832 829 3909 oppida
843 3833 937 3891 curvis
968 3877 981 3892 .,
