2666 4310
294 605 354 681 l).
393 605 572 682 JUNlI
609 605 967 681 JUVENALIS

551 864 715 912 murrum

447 1085 819 1156 SATIRARUM

486 1341 590 1394 LIBER
606 1341 778 1402 QUARTUS.

523 1777 682 1838 SATIRA
702 1779 741 1838 X.

179 1934 325 1996 Orrruaus
338 1935 369 1993 in
384 1935 478 2009 terris,
492 1953 557 2012 quae
571 1949 639 1995 sunt
652 1957 669 1994 a
682 1937 814 1995 Gadibus
827 1951 918 2013 usquo

143 2014 285 2075 Auroram
298 2026 327 2073 et
340 2015 473 2093 Gangen,
488 2015 572 2092 pauci
587 2017 756 2092 dignoscere
770 2027 889 2092 possunt

144 2094 218 2153 Vera
230 2095 303 2153 bona
316 2106 400 2170 atque
414 2095 470 2152 illis
483 2092 604 2152 multllm
619 2095 739 2166 diversa,
754 2095 862 2154 remoti

142 2171 253 2232 Erroris
266 2173 381 2232 nebula.
421 2173 503 2234 Quid
517 2174 595 2230 eninr
610 2175 719 2232 ratione
733 2175 875 2248 timemus,

141 2253 202 2311 Aut
215 2253 365 2330 cupimusl
385 2251 452 2327 quid
467 2263 524 2310 tam
540 2253 638 2311 dextro
652 2253 725 2330 pede
738 2254 877 2331 concipis,
891 2265 923 2313 ut
935 2264 968 2312 ta

141 2327 270 2390 Conatiis
283 2350 341 2389 non
355 2331 500 2407 peniteat,
515 2332 627 2408 votique
641 2333 771 2408 peractil

142 2409 278 2469 Evertdre
292 2411 390 2468 domos
403 2421 486 2483 totas,
499 2412 664 2486 optantibus
678 2411 755 2487 ipsis,

142 2487 180 2546 Di
196 2489 301 2548 faciles.
342 2487 483 2547 Nocitura
497 2491 575 2565 toga,
589 2491 720 2548 nocitura
734 2502 868 2566 petuntur

142 2567 255 2627 Militia.
296 2567 426 2626 Torrens
439 2567 554 2626 dicendi
569 2569 651 2646 copia
664 2571 770 2642 multis,

142 2646 180 2706 Et
192 2668 245 2706 sua
259 2647 402 2706 mortifera
414 2659 457 2704 est
472 2647 614 2706 facundia.
663 2648 780 2707 Viribus
793 2649 842 2708 ille

142 2723 276 2785 Confisus
289 2725 373 2804 periit
387 2726 616 2802 admirandisque
629 2727 751 2786 lacertis.
802 2759 826 2792 2-

142 2806 200 2863 Sed
215 2806 308 2883 plures
322 2804 412 2862 nimii
425 2817 562 2882 congesta
575 2806 698 2883 pecunia
711 2807 780 2865 curd

142 2885 316 2962 strangulat,
330 2896 359 2942 et
372 2895 477 2942 cuncta
490 2903 664 2962 exsuperans
676 2885 847 2960 patrimonia
859 2903 975 2962 census,

141 2963 261 3025 Quanto
274 2963 416 3040 delphinis
431 2963 541 3022 balans
556 2963 722 3022 Britannica
735 2967 834 3041 major.

142 3042 334 3120 Temporibus
348 3042 417 3099 diris
431 3042 526 3118 igitur,
538 3043 674 3120 jussuque
688 3043 823 3117 Neronis,
906 3077 915 3088 x

143 3121 305 3199 longinum
319 3132 348 3178 et
361 3139 481 3212 magnos
495 3123 614 3179 &neca
628 3123 782 3198 predivitis
796 3123 893 3181 bortos

142 3200 262 3273 Clausit,
279 3211 308 3258 et
321 3215 453 3276 egregias
467 3200 672 3259 Lateranorum
690 3202 802 3261 obsidet
815 3203 893 3260 redes

144 3281 220 3338 Tra
233 3279 351 3338 cohors:
372 3297 453 3336 rarus
465 3279 542 3338 venit
556 3280 585 3338 in
600 3281 750 3338 coenacula
761 3282 850 3340 miles.

143 3357 241 3417 Pauca
255 3355 325 3417 licdt
338 3370 432 3434 portes
446 3359 557 3436 argenti
571 3361 687 3418 vascula
699 3360 772 3437 puri,

143 3435 238 3496 Nocte
252 3437 305 3497 iter
320 3437 464 3514 ingressus
478 3439 605 3514 gladium
620 3452 793 3514 contumque
807 3439 931 3515 timebis,

143 3513 180 3575 Et
191 3527 274 3575 motta
288 3516 325 3574 ad
339 3516 437 3573 lunam
450 3517 604 3593 trepidabis
618 3519 766 3576 arundinis
780 3519 910 3578 umbram
922 3537 930 3577 ι

143 3593 279 3654 Cantabit
293 3613 398 3652 vacuus
412 3613 507 3653 coram
521 3596 629 3654 latrone
644 3597 740 3655 viator.

145 3673 240 3732 Prima
254 3671 314 3732 ferd
329 3685 393 3731 vota
405 3685 435 3732 et
447 3675 561 3732 cunctis
574 3676 723 3734 notissima
737 3676 851 3753 templis

145 3751 274 3822 Divitiae3
295 3764 426 3811 crescant
439 3763 472 3810 ut
484 3771 563 3829 opes,
578 3765 609 3811 ut
622 3755 746 3812 maxima
761 3767 820 3813 toto

145 3833 250 3892 Nostra
262 3831 300 3891 sit
314 3847 381 3890 arca
394 3831 461 3890 loro.
503 3833 561 3890 Sed
576 3833 655 3892 nulla
670 3833 785 3892 aconita
798 3833 937 3891 bibuntur

458 3911 478 3969 4
489 3911 507 3947 a
