2666 4310
541 255 665 302 SATIRA
683 255 732 302 lX.

143 399 295 456 Exsulibus
305 397 424 474 juvenes
438 397 526 473 ipsius
539 397 683 468 ConsuliS,
698 409 727 454 et
740 418 811 473 quos

140 477 280 554 Magnum
292 476 396 552 aliquid
410 477 497 532 dubift
511 496 562 551 pro
576 477 704 533 libertate
718 477 842 549 deceret,

140 556 229 618 Quod
244 557 391 615 miraretur
405 573 472 611 cunr
487 555 597 612 Coclite
613 553 738 626 Mucius,
753 567 781 612 et
795 575 858 632 qnae

141 635 258 713 Imperii
272 634 344 692 fines
357 633 529 690 Tiberinum
543 634 622 710 virgo
635 634 749 692 natavit.

139 713 267 772 Occulta
281 714 316 771 ad
330 723 424 789 patres
435 713 567 789 produxit
581 713 700 770 crimina
715 731 812 770 servus

141 792 282 850 Matronis
295 792 454 868 lugendus:
476 802 505 848 at
518 791 580 849 illos
595 793 710 850 verbera
721 791 804 868 justis

141 871 282 929 Afficiunt
294 871 395 947 pranis,
409 881 439 928 et
450 870 546 946 legum
560 870 651 945 prima
665 871 781 928 securis.

183 949 262 1008 Malo
275 962 354 1026 pater
368 949 419 1006 tibi
433 950 469 1006 sit
480 949 639 1021 Thersites,
654 950 809 1008 dummodo
822 960 853 1007 tu
863 950 903 1008 sis

141 1029 271 1087 AEacidae
286 1029 394 1100 similis,
409 1027 605 1106 Vulcaniaque
619 1048 697 1086 arma
710 1047 851 1104 capessas,

138 1107 241 1170 Quam
255 1120 284 1165 te
295 1107 437 1170 Thersitae
451 1107 573 1166 similem
588 1109 726 1184 producat
740 1107 877 1166 Achilles.

141 1187 180 1245 Et
194 1199 300 1258 tamen,
314 1199 346 1244 ut
356 1183 443 1262 longd
454 1199 574 1262 repetas,
589 1183 729 1264 longeque
744 1186 868 1244 revolvas

141 1266 267 1337 Nomen,
282 1267 318 1323 ab
332 1265 430 1322 infami
440 1277 556 1341 gentem
572 1266 691 1324 deducis
705 1265 791 1340 asylo.

141 1344 284 1421 Majorum
297 1345 406 1420 primus
419 1345 545 1420 quisquis
559 1345 611 1402 fuit
625 1345 672 1406 ille
685 1357 809 1417 tuorum,

143 1425 203 1482 Aut
216 1435 310 1501 pastor
321 1422 383 1496 fuit,
397 1434 446 1480 aut
460 1423 538 1496 illud,
551 1425 626 1499 quod
640 1425 735 1482 dicere
749 1423 823 1482 nolo.

515 1560 524 1587 Κ
556 1552 657 1607 „rrAl'

563 1590 603 1608 nn,

516 1733 673 1796 SATIRA
696 1737 751 1797 IX.

181 1899 273 1956 Scrna
287 1897 382 1972 velim,
396 1916 483 1973 quare
497 1896 580 1954 toties
594 1896 673 1968 mihi,
688 1896 718 1954 N
720 1899 815 1972 aevole,
830 1900 918 1958 tristis

140 1977 285 2036 Occurras
296 1977 385 2035 fronte
396 1975 531 2046 obductfr,
546 1994 600 2032 ceu
615 1974 730 2051 Marsya
743 1977 885 2036 victus.—

140 2056 209 2114 Non
224 2069 284 2114 erat
298 2057 353 2114 hta
367 2055 440 2113 facie
454 2054 639 2112 miserabilior
651 2055 820 2130 Crepereius

139 2135 239 2208 Pollio,
252 2135 300 2212 qui
314 2135 454 2212 triplicem
468 2153 581 2191 usuram
595 2146 726 2208 praestare
740 2147 854 2210 paratus

140 2215 251 2272 Circuit
264 2227 293 2273 et
307 2215 397 2274 fatuos
411 2233 469 2272 non
490 2213 604 2270 invenit.
648 2211 731 2270 Unde
745 2213 863 2290 repente

139 2293 199 2352 Tot
214 2295 312 2370 rugael
333 2291 411 2350 certe
437 2293 550 2350 modico
564 2303 714 2349 contentus
729 2295 833 2368 agebas

140 2372 267 2430 Vernam
281 2373 413 2448 equitem,
429 2373 547 2432 conviva
558 2372 623 2448 joco
638 2371 785 2430 mordente
798 2374 918 2450 facetus,

140 2450 177 2508 Et
192 2451 298 2509 salibus
312 2453 465 2509 vehemens
479 2452 553 2508 intra
566 2449 703 2526 pomoeria
716 2452 798 2509 natis.

139 2529 246 2588 Omnia
260 2550 338 2588 nunc
352 2528 471 2594 contra:
494 2531 586 2587 vultus
599 2529 702 2606 gravis,
718 2531 831 2590 horrida
845 2533 931 2590 siccae

140 2609 218 2668 Silva
232 2627 331 2682 comte,
346 2610 441 2667 nullus
455 2611 513 2668 tora
528 2609 601 2666 nitor
615 2610 644 2666 in
659 2621 736 2682 cute,
750 2612 864 2685 qualem

139 2689 250 2748 Bruttia
264 2690 414 2765 prestabat
427 2689 512 2746 calidi
526 2689 577 2746 tibi
592 2689 679 2745 fascia
694 2689 779 2747 visci:

140 2768 199 2825 Sel
214 2769 364 2826 fruticante
378 2767 435 2844 pilo
449 2769 580 2846 neglecta
594 2779 622 2826 et
636 2769 763 2842 squalida
777 2788 869 2828 crura.

139 2847 223 2908 Quid
237 2849 344 2906 macies
359 2847 426 2924 aegri
441 2847 553 2919 veteris,
568 2866 652 2922 quem
667 2860 792 2924 tempore
806 2849 891 2924 longo

140 2925 247 2984 Torret
260 2939 359 3002 quarta
372 2927 443 2998 dies,
457 2927 580 3002 olimque
594 2927 751 2984 domestica
765 2927 871 2985 febrisl

140 3004 308 3081 Deprendas
322 3005 410 3063 animi
424 3017 563 3063 tormenta
576 3005 690 3062 latentis
704 3006 731 3063 in
748 3026 823 3082 aegro

138 3085 277 3160 Corpore,
291 3083 451 3161 deprendas
464 3097 493 3142 et
505 3085 627 3160 gaudia:
649 3087 734 3142 sumit
749 3097 898 3162 utrumque

140 3161 214 3221 lnde
230 3163 357 3234 habiturn
372 3163 467 3221 facies.
508 3163 599 3238 Igitur
614 3161 725 3222 flexisse
740 3165 842 3222 videris

139 3243 330 3319 Propositum,
344 3253 373 3300 et
387 3241 451 3299 vitae
466 3243 624 3300 contrarius
638 3243 678 3302 ire
693 3243 787 3320 priori.

139 3321 240 3398 Nuper
254 3322 343 3394 enim,
358 3334 389 3379 ut
403 3333 508 3398 repeto,
524 3321 621 3378 fanum
636 3322 731 3393 Isidis,
745 3334 774 3380 et
788 3323 987 3398 Ganymeden,

139 3400 232 3472 Pacis,
247 3412 276 3459 et
289 3402 414 3458 advecta
428 3412 537 3458 secreta
550 3402 653 3477 palatia
668 3401 779 3473 Matris,

138 3479 176 3537 Et
187 3479 323 3538 Cererem
339 3479 418 3556 (nam
433 3498 488 3554 quo
502 3499 559 3536 non
574 3492 677 3556 prostat
692 3480 807 3537 foemina
820 3479 924 3556 templo
933 3480 959 3559 l)

138 3559 241 3616 Notior
256 3559 373 3618 Aufidio
388 3559 517 3614 moechus
531 3559 674 3616 celebrare
689 3559 848 3616 solebas.-

138 3637 215 3695 Utile
229 3648 258 3694 et
272 3638 326 3696 hoc
341 3637 436 3694 multis
450 3637 513 3694 vitae
528 3657 635 3713 genus:
657 3651 685 3694 at
699 3638 768 3694 mihi
783 3637 892 3694 nullum

140 3715 214 3774 lndri
228 3735 322 3792 operte
336 3717 466 3792 pretium.
508 3716 634 3792 Pingues
649 3717 799 3791 aliquando
813 3717 953 3786 lacernas,

141 3796 321 3855 Munimenta
334 3807 417 3871 togae,
432 3795 493 3852 duri
510 3797 652 3871 crassique
664 3795 774 3866 coloris,

493 3877 513 3931 5

1085 3403 1132 3484 no

1084 3795 1124 3853 ⁸25
