2666 4310
547 273 670 322 8ther
689 273 723 320 ll.

141 416 281 474 Attollens
294 415 409 474 oculos.
429 416 518 474 vitreo
532 415 603 474 bibit
617 417 664 474 ille
678 416 790 492 Priapo,

140 495 361 570 Reticulumque
375 495 465 553 comis
478 508 607 552 auratum
624 495 788 571 ingentibus
802 494 908 572 implet,

139 575 270 632 Caerulea
283 575 399 632 indutus
414 575 565 645 scutulata,
580 586 628 632 aut
642 575 764 649 galbana
778 593 850 646 rasa,

138 653 176 712 Et
189 674 238 730 per
253 653 397 711 lunonem
412 654 518 710 domini
531 654 643 729 jurante
659 654 796 710 ministro.

139 733 190 790 Ille
205 745 282 790 tenet
297 732 454 808 speculum,
469 733 575 807 pathici
589 744 736 807 gestamen
755 732 889 805 Othonis,

138 813 253 870 Actoris
269 811 400 869 Aurunci
416 811 546 885 spolium,
560 830 616 886 quo
629 830 659 868 se
675 811 721 867 ille
735 811 850 868 videbat

138 893 300 961 Armatum,
315 909 402 965 quum
415 890 473 965 jam
488 891 547 946 tolli
563 890 663 946 vexilla
674 890 794 965 juberet.

138 971 199 1026 Res
214 970 396 1026 memoranda
410 969 490 1025 novis
503 967 663 1039 annalibus
677 980 760 1042 atque
775 968 882 1026 recenti

139 1049 277 1118 Historia,
293 1048 440 1124 speculum
456 1047 547 1105 civilis
561 1047 674 1104 sarcina
688 1047 762 1104 belli.

139 1127 284 1184 Nimirum
299 1128 402 1184 summi
417 1126 499 1183 ducis
513 1139 556 1183 est
568 1127 701 1184 occidere
716 1126 848 1200 Galbam,

139 1207 174 1262 Et
182 1223 284 1262 curare
294 1215 390 1262 cutem
396 1225 403 1274 ;
413 1206 516 1262 summi
531 1205 692 1262 constantia
705 1205 776 1262 civis

140 1284 270 1341 Bebriaci
298 1304 401 1360 campo
429 1283 551 1359 spolium
579 1284 712 1342 affectare
728 1283 828 1355 Palati,

140 1363 175 1420 Et
189 1381 318 1438 pressum
331 1363 359 1419 in
376 1362 476 1419 faciem
491 1363 587 1438 digitis
600 1364 753 1420 extendere
767 1381 889 1439 panem:
952 1361 956 1368 ’

138 1443 225 1504 Quod
240 1462 295 1498 nec
309 1442 338 1498 in
353 1442 472 1516 Assyrio
486 1443 646 1517 pharetrata
661 1442 828 1498 Semiramis
841 1443 920 1514 orbe,

139 1520 243 1578 Moesta
257 1539 312 1578 nec
322 1519 449 1577 'Actiaca
464 1521 530 1577 lecit
542 1521 691 1596 Cleopatra
706 1521 811 1578 carina.

138 1601 197 1657 Hic
212 1600 306 1658 nullus
321 1600 413 1656 verbis
427 1601 526 1675 pudor,
542 1612 589 1656 aut
604 1601 760 1656 reverentia
775 1619 891 1656 mensur.

41 1727 51 1746 ,
138 1678 199 1736 llic
212 1679 302 1754 turpis
317 1679 440 1752 Cybeles
453 1691 482 1736 et
497 1680 586 1736 fracti
602 1698 669 1736 voce
683 1679 815 1754 loquendi

138 1758 277 1831 Libertas,
292 1769 321 1815 et
334 1757 414 1814 crine
428 1777 516 1814 senex
531 1758 670 1815 fanaticus
684 1759 749 1814 albo

138 1838 292 1895 Sacrorum
307 1836 435 1908 antistes,
450 1856 543 1893 rarum
558 1857 592 1893 ac
609 1837 789 1894 memorabile
804 1837 901 1912 magni

137 1916 268 1974 Gutturis
282 1916 455 1991 exemplum,
470 1917 731 1990 conducendusque
746 1917 888 1990 magister.

137 1995 220 2057 Quid
234 2007 330 2052 tamen
343 2007 519 2070 exspectant,
535 1995 657 2070 Phrygio
668 2014 738 2068 quos
751 2006 863 2068 tempus
876 2005 937 2051 erat
948 1993 1008 2070 jam

138 2074 220 2132 More
234 2092 437 2150 supervacuam
452 2074 549 2131 cultris
564 2074 731 2148 abrumpere
745 2074 885 2130 carnemt

176 2154 397 2229 Quadringenta
411 2153 490 2210 dedit
504 2153 653 2210 Gracchus
667 2153 805 2224 sestertia,
820 2153 914 2210 dotem

137 2233 305 2302 Cornicini;
328 2233 388 2290 sive
403 2233 450 2290 hic
465 2244 543 2290 recto
558 2244 719 2290 cantaverat
734 2251 797 2288 aere.

138 2313 264 2388 Signatae
275 2312 395 2369 tabulae:
416 2312 524 2368 dictum
539 2311 691 2368 Feliciter!
713 2313 815 2388 ingens

137 2392 229 2449 Coena
243 2391 324 2449 sedet
336 2410 343 2448 :
364 2391 474 2467 gremio
485 2390 575 2466 jacuit
589 2410 661 2447 nova
673 2403 760 2468 nupta
775 2390 877 2448 mariti.

138 2470 166 2528 Ο
179 2489 320 2548 proceres,
335 2489 453 2528 censore
467 2488 538 2545 opus
552 2481 595 2526 ost
609 2489 645 2526 an
661 2471 811 2546 haruspice
826 2471 930 2528 nobisl
953 2491 959 2506 ·

138 2550 257 2607 Scilicet
272 2550 409 2620 horreres,
426 2549 586 2624 majoraque
600 2563 726 2606 monstra
739 2562 862 2625 putares,

139 2630 172 2686 Si
186 2629 287 2686 mulier
302 2628 420 2686 vitulum
447 2629 489 2684 vel
505 2629 528 2684 si
544 2629 593 2685 bos
608 2629 706 2686 ederet
720 2629 849 2704 agnuml

139 2709 305 2784 Segmenta‚
319 2718 348 2764 et
362 2707 462 2782 longos
476 2708 598 2779 habitus,
612 2719 641 2764 et
656 2707 786 2764 flammea
799 2707 896 2782 sumit,

138 2789 257 2845 Arcano
271 2787 319 2862 qui
333 2805 415 2843 sacra
429 2787 522 2843 ferens
536 2787 665 2844 nutantia
679 2788 738 2845 loro

140 2867 261 2924 Sudavit
274 2866 381 2941 clypeis
395 2866 543 2922 ancilibus.
585 2865 613 2922 Ο
628 2878 708 2941 pater
723 2865 818 2938 Urbis,

139 2946 225 3004 Unde
239 2945 319 3002 nefas
332 2956 442 3002 tantum
459 2945 549 3001 Latiis
562 2946 741 3020 pastoribusl
763 2945 840 3003 unde

139 3025 212 3082 Hac
226 3025 327 3100 tetigit,
341 3023 475 3094 Gradive,
490 3035 552 3081 tuos
566 3024 657 3081 urtica
671 3035 787 3100 nepotes
801 3025 813 3081 l

139 3104 276 3162 Traditur
291 3123 361 3161 ecce
376 3103 434 3160 viro
445 3104 539 3160 clarus
553 3123 659 3179 genere
673 3115 757 3178 atque
771 3103 873 3178 opibus
887 3103 948 3161 vir:

139 3183 204 3241 Nec
217 3183 328 3260 galeam
342 3201 468 3257 quassas,
483 3201 537 3239 nec
551 3194 652 3240 terram
668 3183 785 3258 cuspide
799 3182 905 3258 pulsas,

139 3262 206 3321 Noc
219 3261 345 3337 quereris
358 3261 452 3336 patril
494 3261 575 3318 Vade
590 3259 670 3338 ergo,
685 3274 713 3319 et
727 3262 798 3319 cede
813 3261 904 3319 severi

107 3409 109 3415 Ι
140 3342 295 3418 Jugeribus
306 3340 410 3416 campi,
424 3359 507 3414 quem
524 3341 663 3416 negligis!
705 3340 841 3398 Officium
856 3360 920 3398 cras

141 3421 237 3478 Primo
251 3419 309 3477 sole
324 3419 394 3476 mihi
409 3419 604 3494 peragendum
621 3421 648 3476 in
665 3420 735 3476 valle
749 3419 876 3480 Quirini.

139 3499 216 3562 Quae
230 3517 317 3555 causa
331 3498 439 3555 officiil
479 3497 561 3559 Quid
575 3500 698 3572 quaerist
739 3497 831 3555 Nubit
845 3498 965 3570 amicus,

141 3579 206 3636 Nec
221 3578 324 3635 multos
338 3577 461 3634 adhibet.
504 3576 604 3633 Liceat
621 3575 706 3634 modb
722 3578 831 3645 vivere;
853 3577 931 3650 fient,

140 3657 226 3715 Fient
241 3655 294 3713 ista
307 3653 413 3732 palam,
428 3655 545 3730 cupient
558 3667 587 3713 et
601 3657 629 3713 in
645 3667 708 3713 acta
723 3656 827 3712 referri.

140 3737 257 3794 Interea
269 3743 442 3792 tormentum
457 3735 559 3809 ingens
573 3736 747 3793 nubentibus
762 3736 859 3806 heret,

140 3813 232 3878 and
247 3824 394 3891 nequeunt
406 3833 515 3889 parere,
530 3826 558 3871 et
572 3825 654 3891 partu
668 3815 791 3872 retinere
805 3815 929 3872 maritos.

1073 2151 1127 2210 100
