2666 4310
217 265 256 324 74
529 263 561 312 D.
578 263 675 312 JUNll
692 263 889 313 iuvenilis

219 405 387 482 Depositum
401 405 533 478 retinere,
548 417 576 464 et
591 407 718 464 fraudem
730 405 794 482 jure
807 406 880 464 tueri

167 507 185 565 ',
218 485 357 556 iurando.
399 484 556 546 Quaerebat
569 485 657 556 enirn,
671 504 734 560 quae
749 485 874 544 numinis
887 497 963 544 esset

133 558 138 566 '
218 563 313 636 Mens,
327 576 356 622 et
370 584 406 640 an
421 565 475 622 boc
489 564 528 622 illi
544 564 654 622 lacinus
668 565 799 622 suaderet
813 565 940 640 Apollol

217 641 359 700 Reddidit
372 641 441 720 ergd
456 656 543 714 metu,
559 663 616 701 non
633 643 776 712 moribus;
798 655 936 702 ettamen
950 663 1065 704 omnem

218 721 327 779 Vocem
342 721 418 797 adyti
432 722 549 797 dignam
564 721 668 797 templo
682 719 975 798 veramque'probavit
1144 725 1201 785 205

217 799 383 858 Exstinctus
396 802 456 860 toti
471 803 573 878 pariter
587 819 653 858 cum
667 801 745 876 prole
758 802 908 876 domoque,

218 878 264 951 Et,
278 879 405 956 quamvis
419 879 505 956 longi
518 880 649 938 deductis
663 892 760 956 gente,
774 880 945 956 propinquis.

217 958 280 1015 Has
293 959 396 1036 patitur
409 979 508 1036 poenas
521 959 659 1036 peccandi
673 959 733 1018 sola
743 957 880 1018 voluntas.

218 1035 296 1094 Nam
309 1038 404 1096 scelus
418 1039 492 1096 intra
506 1058 537 1096 se
551 1038 670 1097 tacitum
683 1038 732 1113 qui
746 1038 852 1114 cogitat
866 1039 966 1111 ullum,
983 1109 987 1114 Δ
1106 1070 1148 1113 rf‘

218 1116 299 1174 Facti
313 1118 421 1175 crimen
436 1118 529 1176 habet.
571 1117 661 1212 Cedo,
675 1117 699 1174 si
713 1115 815 1176 conata
828 1118 959 1193 peregitl
970 1129 973 1138 ’
984 1119 988 1127 ’
999 1111 1034 1140 ⁶⁶
1043 1094 1204 1194 msam

217 1193 359 1272 Perpetua
372 1197 499 1254 anxietas
513 1216 568 1254 uec
582 1216 688 1254 mensae
702 1207 828 1272 tempore
843 1193 946 1272 cessat,

220 1273 361 1332 Faucibus
375 1288 406 1334 ut
419 1277 517 1333 morbo
530 1276 624 1347 siccis,
639 1277 767 1350 interque
780 1275 901 1334 molares

217 1353 334 1411 Difficili
348 1367 494 1412 crescente
509 1355 593 1413 cibo:
614 1356 663 1412 sed
679 1355 744 1412 vina
757 1354 884 1412 misellus

217 1431 353 1509 Exspuit;
376 1434 481 1492 Albani
496 1434 597 1492 veteris
611 1435 733 1510 pretiosa
747 1446 880 1492 senectus

217 1511 366 1588 Displicet.
407 1513 552 1570 ostendas
566 1511 676 1584 melius,
691 1512 861 1570 densissima
875 1532 946 1590 ruga
1142 1516 1203 1576 215

216 1592 335 1668 Cogitur
350 1591 379 1648 in
394 1591 524 1663 frontem,
539 1591 616 1650 velut
629 1592 687 1648 acri
702 1593 789 1650 ducta
804 1591 934 1652 Falerno.
1045 1646 1056 1656 ,

216 1668 312 1728 Nocte
326 1671 438 1728 brevem
452 1671 477 1728 si
486 1669 557 1729 sorte
573 1671 691 1730 indulsit
704 1690 774 1728 cura
784 1691 924 1748 soporem,
962 1691 967 1705 ν
997 1689 1030 1710 m
1040 1661 1094 1710 cit

216 1748 254 1807 Et
267 1761 326 1808 toto
341 1765 450 1808 versata
465 1765 525 1810 toro
536 1751 594 1827 jam
610 1751 737 1807 membra
749 1751 916 1826 quiescunt;

216 1826 362 1887 Continuo
377 1829 523 1905 templum,
538 1843 567 1887 et
580 1829 673 1888 violati
688 1830 813 1888 numinis
827 1849 899 1902 aras,

216 1907 262 1980 Et,
277 1909 350 1985 quod
365 1909 516 1986 praecipuis
531 1921 655 1966 mentem
669 1909 820 1966 sudoribus
834 1922 946 1984 urguet,
1142 1911 1204 1969 220

215 1987 262 2045 Te
275 1989 351 2046 videt
365 1987 393 2045 in
408 1990 531 2046 somnis:
553 2000 601 2046 tua
616 2007 696 2044 sacra
709 1999 738 2044 et
750 1988 837 2063 major
851 1989 945 2064 imago

216 2067 352 2124 Humani
366 2069 460 2126 turbat
474 2067 616 2143 pavidum,
631 2067 762 2142 cogitque
777 2067 865 2124 fateri.

215 2146 255 2204 Hi
270 2158 346 2218 sunt,
361 2147 408 2222 qui
422 2148 572 2222 trepidant,
588 2159 616 2204 et
630 2146 665 2204 ad
680 2147 776 2204 omnia
790 2147 900 2222 fulgura
914 2146 1030 2221 pallent,

213 2225 315 2286 Quum
329 2236 416 2296 tonat,
431 2225 577 2282 exanimes
591 2225 681 2301 primo
694 2243 805 2300 quoque
819 2244 964 2283 murmure
977 2225 1060 2296 coeli;

215 2303 283 2362 Non
297 2304 376 2380 quasi
392 2304 530 2376 fortuitus,
545 2323 599 2362 nec
615 2316 760 2362 ventorum
776 2304 864 2377 rabie,
879 2303 929 2362 sed
1141 2305 1202 2386 225

215 2381 308 2440 Iratus
322 2384 406 2441 cadat
420 2383 449 2439 in
464 2395 552 2440 terras
565 2396 594 2441 et
604 2384 714 2460 judicet
723 2383 805 2458 ignis.

214 2460 268 2518 Illa
282 2462 352 2520 nihil
369 2462 475 2533 nocuit,
489 2463 559 2520 curti
573 2464 698 2538 graviore
712 2462 826 2520 timetur

213 2540 344 2599 Proxima
357 2553 516 2618 tempestas,
531 2543 606 2599 velut
620 2543 674 2599 hoc
688 2542 774 2598 dilata
787 2559 895 2600 sereno.

212 2619 362 2693 Praeterea,
377 2620 471 2678 lateris
485 2621 560 2697 vigili
575 2639 641 2676 cum
656 2621 733 2678 febre
747 2619 871 2678 dolorem

213 2699 244 2756 Si
259 2698 372 2776 coepsire
386 2700 454 2776 pati,
470 2701 586 2757 missurn
600 2701 635 2756 ad
650 2719 702 2756 sua
716 2718 832 2774 corpora
845 2697 976 2756 morbum

211 2776 320 2836 Infesto
333 2780 454 2838 credunt
468 2799 484 2836 a
499 2779 635 2836 numine:
657 2798 725 2835 sarta
739 2779 856 2835 deorum

211 2857 285 2915 llaec
299 2871 328 2917 et
341 2859 397 2917 tela
410 2871 518 2934 putant.
560 2858 703 2915 Pecudem
719 2858 856 2932 spondere
871 2856 945 2914 secel

211 2937 368 3010 Balantem‚
382 2949 411 2996 et
425 2937 545 2994 Laribus
559 2938 671 2994 cristam
686 2936 848 3012 promittere
860 2935 929 3012 galli

211 3016 277 3074 Non
292 3018 415 3074 audent:
437 3017 504 3092 quid
519 3017 594 3074 enim
610 3035 721 3092 sperare
736 3015 904 3072 nocentibus
919 3015 1003 3091 aegris

209 3095 408 3153 Concessuml
429 3095 471 3153 vel
485 3115 548 3170 qum
563 3115 619 3154 non
635 3094 745 3170 dignior
760 3094 853 3152 hostia
866 3093 942 3152 vitat

210 3170 325 3232 Mobilis
339 3187 368 3234 et
381 3175 457 3232 varia
470 3187 513 3232 est
527 3172 615 3232 ferme
630 3188 730 3231 natura
743 3173 890 3230 malorum.

208 3252 309 3312 Quum
323 3254 416 3311 scelus
430 3253 591 3324 admittunt,
606 3264 733 3328 superest
746 3253 913 3309 constantia.
954 3251 1036 3314 Quid
1051 3251 1092 3310 fas

209 3332 304 3405 Atque
318 3333 407 3402 nefas,
421 3331 535 3389 tandem
550 3332 689 3407 incipiunt
701 3331 806 3390 sentire
820 3331 942 3406 peractis

209 3409 396 3468 Criminibus.
441 3409 554 3468 Tamen
572 3413 606 3468 ad
622 3431 713 3468 mores
727 3421 828 3466 natura
843 3409 961 3468 recurrit

209 3488 376 3561 Damoetas,
391 3489 447 3546 fixa
461 3499 489 3546 et
505 3491 605 3546 mutari
621 3490 726 3546 nescia.
768 3488 921 3563 Numquis
1140 3489 1202 3548 24⁰

210 3568 451 3637 Peccandilinern
467 3569 558 3643 posuit
572 3569 645 3624 sibil
666 3569 779 3642 quando
793 3568 900 3643 recepit

209 3646 340 3720 liiectum
355 3648 440 3704 semel
457 3647 551 3704 attrita
566 3649 601 3704 de
617 3648 707 3705 sronte
722 3647 876 3702 ruboreml

207 3726 351 3787 Quisnam
366 3727 512 3784 hominum
527 3740 579 3798 est,
594 3745 677 3801 quem
692 3738 722 3782 tu
738 3737 903 3782 contentum
918 3725 1021 3782 videris
1035 3743 1091 3782 unc

209 3804 350 3882 l'tagitiot
391 3805 479 3880 Dabit
493 3806 521 3862 in
537 3806 668 3880 laqueum
684 3805 800 3878 vestigia
814 3822 907 3862 noster
