2652 4308
193 279 234 338 ω
535 281 562 330 Α.
583 279 694 332 neustr
714 281 853 334 fuscet·

195 418 338 480 Intendit.
359 440 415 498 qam
429 435 532 482 crescit
545 443 623 500 ager,
634 424 692 500 jam
704 427 808 486 crescit
820 427 903 494 ovile.

193 498 259 558 lam
273 499 395 574 dabitur,
406 501 464 578 jam
476 501 553 578 jam:
575 504 668 560 donec
682 505 818 580 deceptus
831 517 860 564 et
873 525 976 583 exspes

193 577 393 654 Nequidquam
408 579 497 638 firndo
509 581 630 656 suspirat
644 601 778 640 nummus
792 584 821 643 in
836 585 901 644 imo.

232 657 264 714 Si
279 657 329 716 tibi
342 671 466 716 crateras
479 659 588 735 argenti
605 660 760 737 incusaque
774 664 874 740 pingui

196 735 274 794 Auro
287 737 363 794 dona
377 737 474 808 leram,
488 740 584 808 sudes,
599 751 629 796 et
638 753 752 815 pectore
766 741 837 800 laevo

193 813 328 874 Excutiat
341 827 435 892 guttas
448 815 536 874 letari
551 819 749 894 praetrepidum
765 839 822 878 cor.

193 892 272 950 Hinc
286 893 354 952 illud
370 895 465 967 subiit,
479 914 548 953 auro
561 915 656 954 sacras
669 899 743 974 quod
757 913 840 958 orato

192 971 330 1030 Perducis
345 973 447 1032 iacies:
469 993 546 1046 nam,
562 975 662 1032 fratres
675 976 749 1034 inter
763 981 861 1052 aenos,

192 1050 313 1110 Somnia
326 1051 426 1129 pituiti
439 1052 487 1128 qui
501 1054 701 1129 purgatissima
714 1057 840 1128 mittunt,

192 1127 331 1207 Praecipui
345 1143 439 1204 sunto,
459 1132 550 1208 sitque
564 1132 620 1190 illis
634 1153 720 1191 aurea
734 1135 827 1193 barba

231 1209 343 1268 Aurum
357 1229 424 1268 rasa
437 1209 542 1268 Numae
557 1213 746 1288 Saturniaque
761 1215 873 1291 impulit
886 1233 952 1289 tera,

191 1286 377 1364 Vestalesque
388 1307 474 1347 urnas
487 1302 515 1348 et
529 1289 660 1348 Tuscum
674 1291 761 1350 iictile
775 1306 872 1352 mutat.

190 1365 219 1422 Ο
233 1385 327 1424 curvas
341 1369 371 1426 in
385 1381 474 1427 terras
490 1369 602 1440 animm,
617 1381 645 1428 et
659 1371 817 1428 coelestium
833 1373 951 1432 inanes!

191 1445 271 1506 Quid
285 1446 364 1523 juvat
379 1449 443 1520 hoo,
457 1447 569 1524 templis
583 1461 693 1507 nostros
707 1451 859 1509 immittere
873 1471 977 1525 mores,

192 1523 229 1581 Et
244 1525 318 1582 bona
328 1526 373 1584 dis
387 1546 422 1584 ex
438 1529 493 1584 hic
506 1527 644 1585 scelerati
659 1529 765 1586 ducere
778 1531 887 1606 pulpi‘l

192 1603 266 1660 Haec
280 1605 333 1662 sibi
348 1617 481 1681 corrupto
493 1605 598 1663 casiam
609 1606 736 1665 dissolvit
748 1609 838 1666 olivo:

192 1680 229 1740 Et
243 1683 396 1742 Calabrum
407 1685 483 1743 coxit
494 1685 589 1743 vitiato
604 1687 712 1744 murice
726 1687 824 1745 vellus.

192 1761 265 1818 Haec
280 1763 397 1820 baccam
411 1765 529 1821 conchae
543 1764 654 1836 rasisse,
669 1777 698 1823 et
711 1767 848 1842 stringere
862 1785 948 1824 renas

192 1839 338 1900 Ferventis
351 1861 451 1900 massae
466 1843 555 1900 crudo
565 1844 601 1900 de
615 1843 729 1918 pulvere
737 1843 826 1921 jussit

192 1919 296 1978 Peccat
308 1933 338 1978 et
352 1922 423 1993 trec,
438 1933 555 1997 peccat:
577 1922 644 1980 vitio
657 1935 752 1980 tamen
768 1924 874 1982 utitur:
895 1936 925 1982 at
938 1942 987 1982 ros

190 1997 295 2072 Dicite,
310 2000 467 2075 pontifices,
482 2001 511 2057 in
526 2019 606 2058 sacro
616 2002 683 2076 quid
699 2003 767 2060 facit
781 2005 903 2060 aurumi

189 2077 303 2154 Nempe
318 2081 372 2137 hoc
382 2080 456 2154 quod
472 2080 578 2136 Veneri
592 2081 703 2138 donate
719 2101 736 2138 a
749 2081 858 2156 virgine
871 2101 981 2158 puppe.

189 2157 271 2218 Quin
285 2158 386 2216 damus
400 2159 427 2215 id
443 2158 569 2234 Superis,
584 2159 620 2215 de
634 2159 737 2234 magnai
752 2161 825 2234 quod
841 2162 908 2218 dare
920 2162 1003 2220 lance

190 2235 256 2294 Non
271 2237 357 2311 possit
372 2237 466 2313 magni
481 2237 614 2294 Messalae
628 2237 703 2313 lippa
717 2257 850 2315 propago,

189 2315 383 2391 Compositum
392 2316 439 2392 jus
454 2317 551 2391 sasque
565 2317 669 2386 animo,
684 2329 853 2392 sanctosque
867 2337 997 2376 recessus

190 2393 307 2466 Mentis,
321 2405 351 2452 et
365 2394 508 2452 incoctum
523 2413 661 2471 generoso
673 2407 774 2471 pectus
788 2398 914 2455 honesto.

191 2472 263 2530 Haec
277 2473 349 2532 cedo
363 2485 394 2531 ut
407 2475 572 2532 admoveam
586 2473 708 2550 templis,
721 2487 751 2532 et
764 2476 836 2533 farre
850 2476 945 2535 litato.
971 2506 974 2512 ·

562 2876 719 2935 SATIRA
740 2877 795 2934 Ill.

228 3035 340 3095 anrre
355 3037 408 3094 hoc
422 3033 556 3093 assidudl
575 3035 633 3112 jam
647 3036 753 3093 clarum
769 3055 852 3094 mene
867 3037 1003 3100 fenestras

189 3116 289 3186 Intrat,
303 3127 332 3173 et
345 3127 479 3191 angustas
494 3115 621 3172 extendit
634 3114 741 3172 lumine
756 3115 848 3172 rimae.

189 3196 350 3265 Stertimus,
365 3194 532 3251 indomitum
547 3195 621 3268 quod
637 3195 804 3268 despumare
819 3193 973 3251 Falernum

189 3273 327 3345 Sufficiat,
341 3273 439 3348 quinti
453 3273 521 3329 dum
535 3273 610 3330 linea
623 3274 748 3348 tangitur
763 3273 872 3330 umbrri.

189 3352 234 3409 En
247 3351 314 3426 quid
329 3351 410 3428 agisl
431 3351 522 3409 siccas
535 3351 634 3409 insana
648 3352 788 3408 Canicula
802 3371 908 3409 messes
1151 3352 1173 3410 d

189 3430 206 3488 J
209 3449 253 3488 am
268 3429 376 3487 dudum
390 3431 494 3504 coquit,
509 3442 537 3488 et
550 3431 646 3506 patulis
660 3449 748 3506 pecus
760 3449 845 3488 omne
859 3431 913 3487 sub
925 3430 1003 3488 ulmo
1016 3441 1073 3488 esta

190 3509 270 3568 Unus
284 3509 322 3567 ait
335 3508 479 3566 comitum.
522 3510 705 3567 ‘Verumnel
726 3510 825 3567 itanel
844 3506 925 3567 ociirs
940 3509 1012 3566 adsit

191 3590 257 3647 lluc
272 3588 388 3663 aliquis!
411 3589 523 3644 nemon’
534 3590 553 3646 l'
576 3587 729 3664 Turgcscit
744 3589 828 3646 vitrea
843 3587 917 3660 bitis,

190 3667 341 3726 Finditur:
363 3667 495 3725 Arcadiae
509 3667 642 3742 pecuaria
658 3669 759 3724 rudere
774 3667 882 3724 credas.

228 3747 293 3804 Jam
309 3747 388 3819 liber,
402 3757 431 3804 et
446 3746 550 3803 bicolor
564 3746 661 3823 positis
677 3747 839 3803 membrana
853 3745 972 3821 capillis,
1136 3744 1175 3805 ld

191 3825 280 3900 lnque
295 3845 396 3883 manus
409 3827 514 3884 ohartae
529 3826 692 3898 nodosaque
707 3825 782 3881 verrit
795 3825 912 3882 arundo.

191 3901 278 3961 Tunc
290 3905 426 3979 queritur,
437 3905 552 3961 'crassus
565 3903 675 3959 calamo
687 3901 763 3976 qudd
777 3903 899 3978 pendeat
913 3905 1013 3960 humor
