2666 4310
182 299 202 356 6
495 298 527 346 D.
544 297 641 347 JUNll
659 297 855 347 JUVENALIS

184 440 211 498 N
214 439 320 515 unquid
336 461 388 499 nos
401 440 512 516 agimus
525 442 646 498 causasl
666 441 759 498 civilia
770 441 834 517 jura

184 520 344 577 Novimusl
366 532 414 577 aut
430 520 486 576 ullo
500 521 616 594 strepitu
632 521 690 576 sora
701 533 792 578 vestra
806 519 971 576 moremusl

185 598 342 655 Luctantur
357 617 475 674 paucae3
497 599 650 654 comedunt
665 599 788 673 coliphia
801 617 909 674 paucas.

185 677 242 733 Vos
256 677 349 734 lanam
364 677 483 746 trahitis
499 677 673 750 calathisque
687 689 801 752 peracta
815 675 924 733 refertis

186 755 316 812 Vellera:
339 775 386 813 vos
401 755 480 812 tenui
496 767 687 830 praegnantem
703 756 823 812 stamine
838 756 931 812 susum

185 834 325 909 Penelope
340 831 452 904 melius,
467 831 556 890 levitis
571 834 705 907 torquetis
720 833 866 900 Arachne,

186 913 307 970 llorrida
321 913 402 988 quale
417 913 484 969 facit
498 913 623 969 residens
637 912 666 968 in
680 912 779 969 codice¹
792 912 892 988 pellex.

221 990 330 1049 Notum
344 1003 397 1062 est,
411 1010 462 1048 cur
476 990 535 1048 solo
548 991 657 1047 tabulas
672 991 826 1066 impleverit
840 991 939 1050 Hister

185 1069 313 1139 hiberam
335 1071 445 1127 dederit
459 1070 538 1126 vivus
549 1089 600 1126 cur
615 1070 702 1126 multa
715 1070 824 1145 puellae.

185 1149 271 1206 llives
285 1149 348 1220 erit,
362 1169 466 1225 magno
479 1167 542 1222 quae
556 1149 660 1206 dormit
673 1148 755 1206 tertia
770 1149 852 1206 lecto.

182 1227 231 1284 Tu
245 1228 331 1300 nube,
346 1239 428 1302 atque
442 1241 523 1285 tace:
544 1228 651 1284 donant
665 1246 768 1285 arcana
781 1227 932 1302 cylindros.

185 1307 228 1363 l)e
242 1307 323 1364 nobis
336 1319 399 1382 post
413 1309 474 1364 haec
488 1306 575 1363 tristis
589 1307 730 1364 sententia
744 1308 847 1364 fertur:

186 1386 240 1443 llat
254 1386 365 1443 veniam
379 1385 480 1455 corvis,
495 1397 576 1442 vexat
590 1404 710 1442 censura
724 1385 877 1443 columbas.

223 1465 372 1541 Fugerunt
385 1465 487 1538 trepidi
502 1483 566 1520 vera
580 1484 614 1521 ac
628 1463 779 1521 manifesta
792 1475 943 1521 canentem

183 1544 328 1601 Stoicidae.
368 1543 450 1605 Quid
464 1543 541 1599 enim
556 1543 616 1600 salsi
626 1540 794 1600 Laurcnial
817 1544 875 1600 Sed
889 1543 957 1618 quid

185 1623 249 1680 Non
266 1623 369 1679 sacient
384 1623 440 1692 alii,
452 1640 538 1696 quum
553 1633 583 1678 tu
598 1622 725 1679 multicia
738 1640 843 1693 sumas,

182 1702 306 1773 Cretica,
320 1712 350 1758 et
364 1702 438 1757 hanc
452 1712 556 1757 vestem
571 1701 673 1776 populo
687 1700 806 1758 mirante
820 1719 934 1775 perores

185 1780 217 1836 ln
233 1781 376 1851 Proculas,
391 1792 420 1837 et
433 1780 567 1836 Pollitasl
608 1779 660 1836 Est
674 1781 784 1836 moecha
800 1777 935 1836 Labulla:

184 1859 350 1930 Damnetur,
364 1859 387 1916 si
402 1859 452 1930 vis,
466 1859 551 1916 etiarn
566 1858 707 1915 Carfinia:
728 1859 812 1915 talem

185 1938 250 1996 Non
264 1949 357 1996 sumet
370 1940 503 1995 damnata
516 1950 618 2012 togam.
662 1938 719 1994 Sed
734 1936 751 1993 J
755 1939 828 1993 ulius
842 1937 937 2006 ardet,

185 2017 292 2076 AEstuo.
334 2017 437 2075 Nudus
451 2017 533 2093 agas!
556 2013 655 2074 Minius
668 2027 711 2072 est
725 2016 834 2073 insania
848 2017 945 2091 turpis.

185 2097 228 2154 En
244 2097 381 2168 habitum,
396 2116 452 2171 quo
466 2109 493 2153 te
508 2097 586 2171 leges
599 2113 633 2152 ac
645 2095 708 2170 jura
724 2096 859 2152 serentem

185 2177 356 2234 Vulneribus
367 2176 463 2232 crudis
476 2175 596 2250 populus
610 2172 694 2230 modd
709 2174 807 2244 victor,
821 2187 850 2232 et
864 2173 932 2231 illud

184 2253 351 2312 Montanum
362 2255 459 2330 positis
473 2254 583 2310 audiret
597 2253 696 2328 vulgus
710 2253 816 2309 aratris.

181 2334 260 2395 Quid
302 2352 359 2390 non
374 2332 539 2408 proclames,
554 2333 582 2388 in
597 2350 713 2406 corpore
725 2331 830 2406 judicis
844 2331 897 2388 ista

183 2413 214 2468 Si
229 2412 346 2469 videasl
383 2411 501 2481 Quaero,
515 2430 551 2467 an
565 2412 687 2467 deceant
700 2410 827 2468 multicia
840 2410 961 2470 testeml

183 2492 270 2562 Acer,
285 2503 314 2548 et
327 2489 490 2561 indomitus
504 2489 695 2564 libertatisque
709 2490 852 2564 magister,

182 2570 306 2642 Cretica,
320 2569 457 2645 perluces.
499 2567 587 2626 Dedit
601 2568 674 2625 hanc
689 2569 821 2644 contagio
834 2568 937 2640 labem,

184 2648 220 2707 Et
233 2649 312 2706 dabit
326 2649 355 2706 in
370 2647 481 2724 plures3
503 2647 576 2705 sicut
590 2665 659 2722 grex
674 2657 749 2703 totus
763 2648 792 2705 in
807 2646 883 2724 agris

183 2727 273 2786 Unius
288 2728 383 2786 scabie
397 2726 474 2784 cadit
487 2737 516 2783 et
528 2725 670 2801 porrigine
684 2726 772 2800 porci,

183 2807 297 2883 Uvaque
312 2806 465 2882 conspecta
479 2805 594 2861 livorem
608 2803 688 2860 ducit
702 2806 738 2860 ab
752 2805 815 2861 uvi.

222 2886 339 2943 Foedius
353 2887 407 2942 hoc
423 2884 527 2958 aliquid
541 2883 709 2958 quandoque
724 2883 842 2940 audebis
855 2883 969 2940 amictu.

122 3027 127 3037 ι
182 2963 277 3022 Nemo
291 2961 408 3041 repente
421 2964 473 3020 luit
486 2962 671 3038 turpissimus
714 2962 867 3037 Accipient
881 2973 909 3018 te

182 3044 332 3116 Paulatim,
346 3043 393 3118 qui
407 3043 492 3118 longa
505 3041 581 3098 domi
597 3041 763 3098 redimicula
776 3051 893 3098 sumunt

182 3123 343 3195 Frontibus,
358 3132 387 3180 et
400 3133 458 3179 toto
471 3119 591 3196 posuere
607 3119 722 3177 monilia
741 3120 823 3190 collo,

181 3202 276 3277 Atque
291 3201 397 3259 Bonam
412 3213 516 3258 tenera
530 3200 645 3275 placant
656 3198 806 3255 abdomine
819 3215 923 3272 porcae,

183 3280 218 3337 Et
233 3300 336 3356 magno
350 3292 468 3349 cratere,
482 3278 582 3335 Deam.
612 3278 669 3334 Sed
685 3295 760 3333 more
775 3277 888 3334 sinistro

182 3359 330 3434 Exagitata
343 3357 440 3434 procul
456 3377 514 3414 non
530 3359 614 3414 intrat
628 3355 743 3412 loemina
757 3356 852 3412 limen.

182 3439 255 3495 Solis
270 3457 318 3495 ara
332 3437 401 3494 Deae
418 3437 541 3493 maribus
555 3446 639 3511 patet.
681 3433 725 3490 lte
740 3433 880 3509 profanael

182 3517 348 3574 Clamatur:
370 3516 447 3573 nullo
461 3516 549 3591 gemit
563 3514 611 3570 hic
625 3513 743 3570 tibicina
757 3531 855 3570 cornu.

181 3596 266 3653 Talia
281 3595 391 3652 secretis
405 3595 555 3651 coluerunt
569 3593 659 3668 Orgia
674 3591 748 3648 tadu

182 3675 349 3751 Cecropiam
365 3673 436 3730 soliti
453 3673 548 3748 Baptae
563 3673 669 3729 lassare
684 3670 806 3744 Cotytto.

184 3754 234 3811 llle
249 3753 429 3830 supercilium
445 3753 559 3808 madida
575 3749 691 3825 fuligine
706 3761 813 3806 tactum

183 3833 306 3910 Obliquia
320 3832 452 3911 producit
465 3850 530 3904 acu,
543 3829 690 3908 pingitque
704 3837 859 3886 trementes
