2666 4310
146 263 185 322 7⁰
458 261 490 310 n.
508 259 604 310 sunu
622 260 818 310 Juvnnams

145 404 319 475 Quaesitum,
333 413 464 480 etpartos
478 403 573 480 gladio
587 403 628 460 vel
643 404 745 478 pyxide
760 423 892 462 nummos
899 405 912 458 'l

147 483 218 540 llari
232 502 334 558 quippe
350 483 433 540 boni:
456 501 591 539 numerus
605 483 650 538 vix
664 497 706 540 est
721 485 848 556 totidem,
861 493 930 558 quot

146 561 313 618 Thebarum
328 573 424 638 prvrtre,
440 561 482 618 vel
498 562 591 618 divitis
604 561 676 618 ostia
691 561 761 619 Nili.

146 639 232 696 Nona
246 653 313 698 aetas
327 639 430 716 agitur,
444 641 593 715 pejoraque
608 639 711 696 saecula
727 640 790 698 ferri

146 717 347 794 Temporibus,
362 737 480 793 quorum
495 719 595 775 sceleri
610 738 666 776 ucu
684 719 792 776 invenit
806 719 867 795 ipsa

118 829 130 856 .·
146 795 261 854 Nomen
275 809 304 854 et
319 816 335 854 a
350 797 427 854 nullo
440 798 534 872 posuit
548 809 648 854 natura
662 798 785 856 metallo.

147 875 209 932 Nos
223 875 369 933 hominurn
383 875 535 950 divquue
550 877 634 933 fidem
649 876 771 934 clamore
785 877 904 948 ciemus,

146 955 264 1015 Quanto
278 953 431 1012 Faesidium
447 955 544 1012 laudat
558 955 662 1011 vocalis
676 967 808 1031 agentem

147 1033 287 1109 Sportula.
329 1033 395 1105 Dic,
410 1034 513 1106 senior,
528 1033 605 1090 butte
620 1034 797 1109 dignissime,
811 1035 916 1108 nescis,

145 1112 229 1174 Quas
243 1113 345 1170 habeat
361 1113 488 1170 Veneres
501 1113 594 1170 aliena
607 1113 749 1188 pecunial
771 1113 875 1184 nescis,

146 1191 243 1252 Quem
257 1203 306 1250 tua
320 1191 486 1267 simplicitas
499 1192 586 1248 risum
601 1193 685 1268 vulgo
699 1204 819 1263 moveat,
834 1209 922 1267 quum

148 1269 248 1345 Exigis
262 1289 278 1327 a
291 1289 441 1346 quoquam,
455 1289 492 1327 ne
506 1271 622 1346 pejeret,
636 1284 665 1328 et
677 1283 758 1347 putet
772 1271 836 1328 ullis

148 1349 218 1406 'usse
233 1349 345 1424 aliquod
360 1368 465 1406 numen
481 1350 601 1425 templis,
617 1369 727 1424 araeque
742 1351 875 1407 rubentil
957 1404 960 1409 .

147 1428 303 1490 Quondam
318 1429 372 1486 hoc
386 1429 528 1504 indigenae
543 1428 675 1486 vivebant
689 1448 777 1500 more,
791 1427 870 1506 pride
884 1428 971 1504 qubnt

149 1508 280 1564 Sumeret
294 1519 435 1583 agrestem
448 1508 539 1583 posito
553 1508 713 1564 diademate
728 1509 828 1564 falcem

149 1587 289 1642 Saturnus
304 1585 433 1662 fugiens3
455 1598 533 1658 tunc,
548 1605 635 1660 quum
650 1587 816 1662 virguncula
829 1586 916 1660 June,

148 1663 186 1721 Et
199 1665 323 1740 privatus
337 1665 431 1722 adhuc
446 1665 530 1722 Idaeis
544 1665 658 1740 Jupiter
673 1667 769 1722 antris.

148 1741 177 1799 N
180 1743 236 1800 ulla
250 1763 333 1821 super
348 1744 439 1802 nubes
453 1745 581 1802 convivia
594 1744 798 1816 coelicolarum,

148 1821 213 1878 Nec
227 1841 296 1898 puer
312 1822 429 1895 Iliacus,
445 1824 565 1882 formosa
578 1842 633 1880 nec
647 1823 781 1880 Herculis
796 1842 868 1882 uxor

149 1901 196 1958 Ad
211 1904 337 1977 cyathos,
350 1913 379 1959 et
388 1901 447 1978 jam
462 1903 568 1960 siccato
578 1913 693 1959 nectare
707 1915 821 1978 tergens

149 1981 270 2038 Brachia
284 1981 432 2039 Vulcanus
446 1981 573 2057 Liparaed
588 1981 669 2056 nigra
682 1983 808 2039 tabernd.

149 2059 308 2118 Prandebst
322 2060 375 2116 sibi
389 2061 506 2136 quisque
520 2061 601 2130 deus,
616 2079 671 2116 nec
684 2061 766 2116 turba
781 2061 898 2117 deorum

148 2137 239 2210 Talis,
255 2151 285 2196 ut
299 2151 341 2196 est
355 2140 449 2210 hodie,
465 2151 652 2213 contentaque
667 2139 761 2195 sidera
774 2139 873 2214 paucis

149 2216 323 2274 Numinibus
338 2219 471 2274 miserum
487 2217 645 2292 urguebant
660 2218 777 2274 Atlanta
791 2217 894 2274 minori

149 2295 286 2353 Pondere.
328 2294 464 2354 Nondum
480 2297 580 2370 aliquis
594 2297 707 2353 sortitus
721 2297 800 2354 triste
814 2297 945 2372 profundi

149 2373 314 2448 Imperium,
325 2387 375 2430 aut
388 2375 487 2431 Sicula
501 2387 595 2432 torvus
609 2393 675 2431 cum
690 2376 812 2451 conjuge
826 2375 937 2432 Pluton,

149 2451 213 2510 Nec
228 2464 297 2524 rota,
312 2472 366 2509 nec
381 2452 485 2524 Furiae,
500 2472 554 2510 nec
568 2473 676 2525 saxum,
692 2467 741 2511 aut
755 2455 872 2510 vulturis
886 2453 939 2512 atri

148 2532 256 2600 Poena3
278 2532 328 2588 sed
343 2531 461 2589 infernis
475 2533 578 2589 hilares
592 2533 653 2590 sine
667 2533 781 2608 regibus
795 2533 910 2590 umbrae.

149 2611 317 2686 [inprobitas
332 2609 378 2667 illo
393 2611 443 2668 fuit
458 2612 630 2668 admirabilis
644 2630 711 2668 aevo.

148 2689 312 2746 Credebant
326 2690 380 2746 boc
395 2692 501 2764 grande
516 2691 605 2761 nefas,
619 2703 648 2747 et
662 2701 751 2747 morte
764 2690 911 2766 piandum,

149 2768 181 2825 Si
192 2767 304 2844 juvenis
318 2768 410 2825 vetulo
425 2789 481 2826 non
496 2771 692 2826 adsurrexerat
705 2779 734 2825 et
747 2769 771 2825 si

149 2847 270 2905 Barbato
284 2847 443 2922 cuicunque
457 2868 537 2924 puer,
551 2846 620 2904 licet
634 2848 693 2923 ipse
709 2847 814 2904 videret

149 2927 234 2984 Plura
247 2926 323 2984 domi
338 2925 425 3000 fraga,
436 2940 465 2984 et
479 2927 598 3002 majores
611 2925 722 3002 glandis
736 2944 858 2982 acervos.
893 2923 932 3000 ‘',j

148 3006 224 3062 Tam
240 3005 399 3062 venerabile
413 3018 473 3064 erat
487 3005 646 3082 praecedere
660 3015 779 3080 quatuor
793 3003 887 3077 annis,

134 3085 298 3158 'Primaque
312 3102 361 3158 par
376 3081 448 3142 adeb
462 3103 550 3141 sacrae
564 3084 669 3158 lanugo
680 3083 824 3140 'senectael

150 3163 246 3232 Nunc,
262 3163 284 3218 si
300 3161 457 3236 depositum
471 3182 529 3220 non
544 3162 679 3218 infitietur
694 3161 812 3232 amicus,

150 3243 181 3300 Si
196 3242 296 3298 reddat
309 3251 432 3297 veterem
446 3261 512 3298 cum
527 3241 585 3298 totd
601 3240 726 3314 aerugine
742 3239 849 3311 follem,

152 3319 315 3394 Prodigiosa
329 3318 410 3390 fides,
424 3332 452 3378 et
466 3320 572 3384 Tuscis
587 3319 674 3392 digna
689 3318 800 3389 libellis,
869 3392 871 3396 .

148 3399 281 3472 Quaeque
296 3399 431 3454 coronata
445 3398 557 3455 lustrari
570 3398 671 3453 debeat
684 3396 767 3472 agna.

150 3477 307 3553 Egregium
322 3487 509 3551 sanctumque
524 3478 614 3533 virum
629 3475 652 3531 si
666 3494 762 3546 cerno,
779 3474 916 3530 bimembr

151 3557 216 3614 Hoc
229 3566 386 3612 monstrum
399 3573 497 3630 puero,
512 3566 561 3611 aut
575 3553 687 3610 miranti
702 3555 755 3609 sub
766 3563 858 3610 aratro

150 3635 282 3692 Piscibus
296 3634 427 3706 inventis,
442 3645 471 3691 et
486 3634 559 3690 foetae
574 3651 706 3706 comparo
721 3631 815 3702 mula,

102 3715 111 3748 '·
151 3715 305 3787 Sollicitus
320 3724 454 3788 tanquam
469 3713 577 3788 lapides
591 3709 723 3767 effuderit
737 3711 837 3782 imber,

152 3793 313 3851 Exameuve
328 3793 422 3870 apium
437 3793 522 3868 longa
538 3790 698 3848 consederit
713 3789 768 3844 uva
