2666 4310
220 283 257 341 ,Ἣ
532 283 564 332 D.
582 282 678 332 JUNll
695 281 891 332 advertatis

222 423 385 500 Magnaque
399 425 519 483 debetur
533 425 635 484 violato
648 445 733 502 poena
746 427 879 484 cadurco.

222 503 256 559 Et
271 505 390 560 movisse
405 519 491 580 caput
504 505 562 562 visa
575 518 618 562 est
632 519 765 580 argentea
780 522 914 582 serpens:

222 581 300 654 [llius
314 582 446 658 lacrymae
462 584 651 659 meditataque
667 603 811 640 murmura
825 595 969 660 praestant,

221 661 254 717 Ut
271 662 381 718 veniam
397 661 488 718 culoae
503 682 560 719 non
576 663 693 733 abnuat,
709 681 808 720 ansere
823 682 927 738 magno

219 739 338 796 Scilicet
351 751 379 796 ct
392 742 472 798 tenui
487 759 599 816 popano
612 755 770 816 corruptus,
784 740 885 816 Osiris.
1143 741 1202 800 425

256 819 357 878 Quum
369 820 446 875 dedit
461 818 507 876 ille
522 819 615 876 locum
627 839 634 888 ;
655 821 779 896 cophino
793 813 924 895 loenoque
937 819 1047 894 relicto,

220 897 364 954 Arcenam
378 897 480 954 Judaea
493 911 617 955 tremens
631 899 776 956 mendicat
790 900 819 956 in
835 917 944 971 aurem,

221 975 361 1052 interpres
375 977 470 1052 legum
486 976 676 1054 Solymarum,
689 989 718 1034 et
732 995 837 1054 magna
850 978 984 1036 sacerdos

218 1055 346 1128 Arboris,
361 1073 395 1111 ac
410 1055 512 1112 summi
528 1055 584 1112 lida
603 1050 778 1114 internuntia
791 1056 866 1114 ooli.

219 1133 323 1210 lmplet
336 1147 365 1192 et
379 1133 428 1190 illa
440 1153 568 1206 manum,
581 1136 631 1191 sed
645 1133 776 1210 parcius:
798 1155 853 1194 erc
867 1135 978 1194 minuto
1142 1134 1203 1194 Μ

217 1211 440 1287 Qualiaeunque
452 1213 527 1270 voles
540 1212 635 1270 Jodoi
649 1215 759 1272 somma
773 1215 908 1272 vendunt.
939 1199 1018 1293 54²

217 1292 344 1366 Spondet
359 1303 512 1350 amatorem
526 1305 666 1364 tenerum,
681 1292 724 1350 vel
738 1293 833 1350 divitis
844 1293 906 1351 orbi

143 1437 153 1448 ..
218 1369 434 1428 Testamentum
449 1372 561 1445 ingens,
575 1371 675 1428 calidae
689 1371 822 1447 pulmone
833 1371 973 1430 columbe
1044 1411 1050 1420 -
1117 1411 1123 1426 .

148 1483 151 1490 «
217 1448 363 1522 Tractato‚
379 1449 534 1506 Armenius
549 1450 590 1506 vel
606 1449 817 1526 Commagenus
831 1451 990 1527 haruspe13
1026 1454 1040 1485 '⁸
1091 1456 1113 1486 '²
1130 1453 1153 1494 ⁸²

164 1573 168 1581 .
192 1525 203 1595 'a
217 1525 336 1584 Pectora
349 1524 490 1604 pullorum
505 1529 621 1585 rimatur
634 1541 663 1586 et
676 1540 741 1586 exta
754 1529 859 1601 catelli,
1141 1529 1203 1588 435

217 1605 364 1662 Interdum
380 1617 409 1663 et
421 1607 518 1682 pueri:
540 1607 634 1679 saciet,
648 1609 722 1682 quod
734 1609 842 1684 deserat
856 1609 924 1684 ipse.
986 1645 1026 1670 t..
1056 1654 1063 1669 .
1077 1643 1125 1676 ῃ

137 1753 139 1758 Ι
161 1685 175 1732 .’
255 1685 399 1741 Chaldaeis
413 1685 463 1742 sed
478 1687 564 1761 major
578 1687 631 1743 erit
644 1687 766 1744 fiducia:
787 1687 925 1762 quidquid

216 1762 326 1821 Dixerit
341 1764 519 1840 Astrologus‚
534 1767 651 1822 credent
665 1767 771 1824 alonte
785 1766 905 1824 relatum

119 1869 124 1876 ·
169 1895 172 1905 .
216 1841 402 1912 Hammonis;
423 1845 556 1918 quoniam
572 1843 690 1920 Delphis
704 1845 820 1902 oracula
833 1857 955 1917 cessant,

216 1921 252 1988 Et
266 1941 358 1998 genus
373 1923 528 1980 humanum
542 1924 658 1980 damnat
672 1921 767 1999 caligo
781 1923 876 1981 futuri.
1141 1924 1204 1982 440

217 2000 379 2077 l'raecipuus
393 2013 488 2059 tamen
502 2011 546 2059 est
560 2004 671 2073 horum,
684 2003 732 2076 qui
747 2000 851 2078 saepibs
864 2001 956 2076 exsul,

214 2081 305 2157 Cujus
319 2081 455 2152 amicitia,
470 2082 715 2155 conducendaque
729 2081 833 2138 tabella

214 2157 340 2254 Magnus
354 2159 423 2216 civis
436 2159 505 2231 obit,
519 2171 549 2216 et
563 2160 729 2216 formidatus
742 2159 859 2218 Othoni.

215 2237 287 2296 lnde
303 2239 373 2296 fides
386 2238 449 2309 arti,
461 2239 555 2295 sonuit
568 2239 591 2295 si
606 2240 720 2296 dextera
735 2239 807 2296 serro

215 2317 362 2392 Laevaque,
377 2317 400 2373 si
415 2316 499 2392 longo
512 2331 667 2376 castrorum
682 2318 711 2374 in
726 2337 840 2375 carcere
851 2317 963 2376 mansit.

170 2465 174 2480 ⁴
194 2469 197 2476 ⁴
215 2395 308 2453 Nemo
319 2396 536 2453 mathematicus
549 2397 666 2471 genium
682 2397 862 2454 indemnatus
876 2396 1007 2456 habebit.

214 2475 271 2531 Sed
286 2475 334 2550 qui
348 2473 430 2551 paene
445 2475 527 2552 perit,
541 2477 588 2533 cui
603 2477 648 2532 vix
662 2477 690 2532 in
706 2476 832 2551 Cyclada
846 2476 919 2534 mitti

213 2554 349 2630 Contigit,
364 2567 393 2611 et
406 2555 491 2630 parva
505 2556 619 2612 tandem
634 2555 758 2612 caruisse
773 2555 902 2630 Seripho.

213 2632 345 2690 Consulit
359 2633 481 2690 ictericae
496 2633 573 2690 lento
587 2634 622 2690 de
638 2634 735 2706 funere
751 2635 856 2705 matris,

117 2723 132 2750 ⁴·
214 2710 291 2770 Ante
306 2725 401 2770 tamen
416 2713 451 2768 de
466 2712 659 2786 te,Tffl1uil
674 2725 739 2770 tua:
760 2713 873 2787 quando
888 2731 1012 2771 sororem
1139 2715 1204 2774 450

129 2813 132 2820 ’
213 2791 329 2864 Efferat,
343 2804 372 2849 et
385 2804 498 2868 patruos
510 2811 517 2860 ;
539 2792 625 2868 adjut
640 2793 762 2848 victurus
776 2792 887 2849 adulter

214 2869 280 2928 Post
294 2871 405 2947 ipsaml
425 2871 491 2944 quid
506 2861 581 2926 enlin
597 2871 688 2946 majus
701 2871 768 2927 dare
782 2871 899 2928 numina
912 2871 1052 2946 possuutl

254 2950 326 3006 Haec
339 2961 434 3006 tamen
449 2949 558 3024 ignorat
572 2949 639 3022 quid
654 2949 733 3006 sidus
746 2950 825 3007 triste
839 2950 962 3020 minetur

213 3029 338 3100 Saflrni,
351 3047 408 3104 quo
422 3028 485 3085 teta
500 3029 599 3086 Venus
613 3049 643 3085 se
656 3028 778 3104 prolerat
788 3040 875 3106 aeuo,

212 3109 272 3169 Qui
287 3109 392 3164 mensis
406 3108 527 3179 damnis,
541 3127 604 3183 quae
617 3109 720 3164 dentur
734 3119 860 3183 tempora
873 3107 960 3166 lucro.
1139 3108 1203 3166 ⁴55

214 3186 292 3243 lllius
306 3205 441 3244 occursus
455 3186 540 3244 etiarn
556 3185 821 3265 vitaredrpementm')

214 3264 247 3322 ln
261 3265 342 3340 cujus
355 3265 496 3336 manibus,
507 3284 561 3322 ceu
575 3265 692 3341 pinguia
705 3266 833 3336 succina,
843 3263 923 3323 tritas

212 3344 315 3401 Cernis
328 3344 542 3422 ephemeridas3
563 3363 625 3418 quae
641 3344 748 3400 nullum
764 3344 895 3415 consulit,
909 3343 1007 3420 etjam

211 3423 394 3480 Consulitur:
415 3441 488 3497 que,
503 3434 594 3480 castra
609 3425 667 3480 viro
680 3423 853 3498 patriamque
868 3435 993 3499 petente,

213 3502 280 3559 Non
296 3501 345 3558 ibit
359 3503 470 3576 pariter,
487 3503 613 3558 numeris
626 3513 755 3582 revocata
770 3501 922 3577 Thrasylli.

212 3583 259 3639 Ad
273 3581 396 3657 primum
410 3581 531 3656 lapidem
547 3581 651 3638 vectari
665 3575 752 3654 quuin
767 3581 869 3655 placet,
884 3581 954 3638 hora

212 3662 339 3718 Sumitur
350 3679 386 3716 ex
400 3660 487 3716 libro:
509 3660 531 3716 si
547 3660 636 3735 prurit
652 3661 748 3716 frictus
758 3659 842 3716 ocelli

211 3739 354 3816 Angelus,
370 3739 498 3814 inspecta
513 3739 610 3825 genesi
626 3739 741 3814 collyria
756 3738 854 3813 poscit.

214 3819 302 3896 AEgra
315 3817 384 3876 lic'et
395 3818 498 3896 jaceat,
514 3817 653 3893 capiendo
667 3817 746 3875 nulla
759 3817 869 3876 videtur
