2652 4308
191 275 231 334 92
532 277 563 324 A.
581 275 691 324 pensu
710 275 832 324 Fttcct

232 415 392 475 Scribimus
406 415 519 490 inclusi,
534 437 667 477 numeros
681 417 738 491 ille,
754 418 801 476 hic
816 417 887 496 pede
901 416 983 489 liber,

191 495 307 554 Grande
322 496 437 572 aliquid,
450 497 524 572 quod
540 497 636 572 pulnto
650 497 752 555 aninue
765 497 919 574 praelargus
932 493 1056 554 anhelet.

192 574 310 632 Scilicet
324 576 385 632 haec
399 575 512 650 populo,
526 595 670 652 pexusque
684 577 805 652 nigrique
819 587 937 648 recenti,
1142 575 1176 630 1³

194 653 229 710 Et
244 654 372 712 natalitid
386 655 501 712 tandem
515 674 581 714 cum
595 656 782 732 sardonyche,
797 655 878 712 albus

192 732 268 788 Sede
282 731 360 810 leges
373 731 461 805 celati,
475 733 581 808 liquido
592 753 678 810 quum
693 733 833 811 plasmate
846 749 943 814 guttur

193 809 299 868 Mobile
313 811 455 882 collueris,
466 811 587 888 patranti
603 813 707 869 fractus
719 812 819 870 ocello.

192 889 251 946 llic
265 909 357 966 neque
371 909 448 948 more
462 891 549 968 probo
562 891 658 948 videas
672 909 763 966 neque
777 909 846 948 voce
859 889 959 947 serent

192 966 328 1044 Ingentes
341 969 482 1046 trepidare
496 968 590 1040 Titos,
603 988 691 1044 quum
705 969 833 1026 carmina
846 969 976 1026 lumbum
1134 967 1177 1027 2⁰

192 1045 312 1120 Intrant,
326 1061 355 1106 et
368 1048 488 1106 tremulo
502 1048 665 1124 scalpuntur
679 1048 727 1104 ubi
743 1047 842 1106 intima
857 1065 947 1105 versu.

191 1124 280 1198 Tun',
295 1127 397 1198 vetule,
412 1127 547 1186 auriculis
558 1127 658 1184 alienis
668 1126 779 1202 colligis
792 1127 892 1184 escasl

191 1205 347 1276 Auriculis‚
361 1205 465 1282 quibus
478 1215 507 1263 et
520 1205 600 1262 dicas
614 1217 680 1262 cute
693 1205 829 1281 perditus,
843 1205 918 1262 ohel

191 1284 276 1345 ‘Quo
289 1285 433 1357 didicisse,
448 1284 503 1342 nisi
518 1285 571 1341 hoc
586 1286 755 1342 fermentum
769 1297 874 1359 etque
887 1283 974 1342 semel
990 1282 1066 1340 intus

191 1361 294 1421 lnneta
304 1377 356 1436 est,
371 1375 453 1440 rupto
463 1363 559 1439 jecore
573 1363 674 1420 exierit
687 1363 867 1439 caprificusl'
1135 1361 1176 1418 25

191 1441 236 1498 En
250 1443 338 1518 pallor
351 1441 536 1518 seniumque!
558 1441 587 1498 O
602 1443 710 1500 mores!
733 1439 947 1516 usqueadeone

191 1520 273 1578 Scire
286 1533 367 1578 tuum
381 1521 451 1578 nihil
466 1532 519 1592 est,
533 1520 588 1578 nisi
603 1532 631 1578 te
644 1521 718 1578 scire
733 1520 787 1577 hoc
801 1519 873 1578 sciat
883 1519 976 1577 alterl

190 1600 250 1657 ‘At
263 1599 414 1676 pulchrum
427 1611 471 1658 est
483 1599 573 1676 digito
587 1599 744 1669 monstrari,
759 1611 787 1656 et
801 1598 901 1672 dicier,
916 1598 975 1656 Hic
987 1598 1048 1656 estl

190 1677 265 1736 Ten’
281 1679 447 1736 cirratorum
461 1691 576 1736 centum
592 1678 697 1736 dictata
712 1677 798 1735 luisse

190 1757 245 1816 Pro
260 1757 348 1816 nihilo
361 1758 471 1835 pendas
480 1758 500 1814 l’
543 1755 621 1814 Ecce
635 1757 709 1814 inter
722 1756 826 1833 pocula
839 1766 969 1832 querunt
1135 1755 1177 1813 30

190 1836 352 1894 Romulidae
367 1836 465 1908 saturi,
479 1836 547 1910 quid
561 1836 608 1894 dia
622 1839 755 1910 poemata
769 1847 893 1894 narrent.

190 1916 250 1973 Hic
264 1915 374 1991 aliquis,
388 1915 436 1972 cui
450 1915 559 1972 circum
574 1915 707 1972 humeros
721 1913 908 1988 hyacinthina
920 1913 994 1972 laena
1007 1923 1061 1985 est,
1180 1929 1184 1936 ·

190 1994 387 2052 Rancidulum
401 1994 536 2069 quiddam
551 1992 634 2050 balbd
647 1993 683 2048 de
698 2012 766 2050 nare
780 1993 903 2064 locutus,

189 2073 343 2150 Phyllidas,
358 2071 541 2148 Hypsipyles,
555 2082 650 2128 ratum
664 2081 692 2128 et
706 2070 842 2146 plorabile
856 2071 880 2130 si
897 2070 976 2146 quid,

189 2151 313 2227 Eliquat,
327 2163 356 2209 et
369 2162 467 2209 tenero
480 2150 640 2226 supplantat
654 2150 739 2208 verba
751 2149 853 2225 palato.
1132 2148 1174 2206 35

189 2229 348 2288 Assensdre
364 2229 432 2286 viri:
453 2247 531 2288 nunc
545 2248 602 2286 non
616 2228 690 2286 cinis
704 2227 751 2284 ille
765 2233 858 2304 poete

189 2309 271 2366 Felix
282 2310 294 2366 l
315 2327 372 2366 uon
386 2307 472 2366 levior
486 2307 586 2383 cippus
599 2325 678 2364 nunc
691 2306 828 2382 imprimit
840 2308 926 2365 ossal

188 2388 322 2445 Laudant
334 2386 478 2444 convivae:
500 2405 580 2443 nunc
594 2405 651 2442 non
664 2404 681 2441 e
696 2385 827 2443 manibus
841 2386 909 2458 illis,

188 2465 278 2522 Nunc
292 2485 350 2522 non
364 2484 381 2521 e
395 2465 504 2522 tumulo
516 2464 714 2538 fortunataque
729 2463 824 2522 savilld

189 2543 351 2600 Nascantur
366 2543 466 2600 violael
507 2542 608 2614 Rides,
623 2543 671 2614 ait,
685 2554 714 2600 et
728 2543 813 2600 nimis
827 2543 911 2601 uncis

146 2687 151 2695 ι
189 2621 315 2679 Naribus
329 2621 468 2696 indulges.
510 2623 558 2678 Au
572 2622 635 2693 erit,
649 2621 697 2696 qui
713 2622 784 2679 velle
798 2633 911 2680 recuset

188 2701 232 2757 Os
242 2699 337 2776 populi
353 2699 511 2757 meruissel
531 2712 569 2771 et,
584 2701 670 2758 cedro
683 2701 771 2776 digna
781 2701 903 2772 locutus,

189 2779 331 2852 Linquere
346 2797 400 2834 nec
414 2778 557 2835 scombros
570 2779 726 2836 metuentia
739 2778 877 2851 carmina,
890 2798 946 2837 nec
959 2779 1046 2838 thusl

188 2857 329 2932 Quisquis
342 2877 383 2927 es,
398 2856 426 2914 O
437 2854 522 2914 modd
536 2875 620 2932 quem
631 2877 666 2914 ex
681 2858 799 2914 adverso
812 2858 907 2914 dicere
922 2857 988 2930 seci,

189 2935 256 2991 Non
270 2953 333 3009 ego,
346 2953 434 3009 quum
448 2935 550 3006 scribo,
565 2936 589 2994 si
604 2933 675 2994 sorte
689 2937 757 3011 quid
771 2936 864 3013 aptius
877 2937 946 3008 exit,

188 3013 315 3074 Quando
330 3014 391 3070 haec
405 3033 467 3072 rara
477 3015 536 3071 avis
549 3027 602 3087 est,
616 3014 720 3089 siquid
735 3026 829 3072 tamen
845 3015 939 3091 aptius
952 3014 1020 3087 exit,

189 3089 313 3146 Laudari
327 3101 450 3150 metuam
491 3093 674 3168 nequeenim
688 3093 758 3150 mihi
772 3112 877 3152 cornea
890 3093 961 3152 fibra
973 3105 1034 3152 est:

190 3167 248 3222 Sed
263 3167 332 3223 recti
347 3167 489 3244 finemque
502 3185 715 3246 extremumque
728 3191 791 3228 esse
804 3191 907 3230 recuso

189 3243 276 3300 uuas
305 3255 386 3300 tuum
397 3257 426 3302 et
449 3267 560 3307 uatus:
581 3269 647 3308 nam
664 3269 756 3308 neuun
772 3251 826 3308 hoc
836 3262 939 3310 excute
952 3261 1060 3312 totunr.

189 3319 271 3378 Quid
286 3339 343 3376 non
359 3320 435 3378 intus
450 3325 556 3385 habetl
578 3348 634 3386 non
647 3328 694 3386 hic
708 3339 751 3386 est
766 3327 835 3386 Ilias
849 3329 924 3387 Acci

190 3395 278 3452 Ebria
288 3399 416 3455 veratrol
437 3419 494 3458 non
509 3406 532 3462 si
545 3427 601 3482 qua
611 3407 733 3482 elegidia
747 3408 828 3464 crudi

192 3473 506 3563 Dicta-runtprueeresl
527 3503 584 3542 non
597 3485 731 3560 quicquid
747 3485 869 3560 denique
883 3486 965 3545 lectis

191 3551 373 3640 Scrrbrtur'rn
388 3556 504 3615 coreist
544 3563 677 3620 Calidum
693 3564 749 3620 scis
763 3584 868 3639 ponere
881 3583 1001 3624 sumen:

192 3628 255 3684 Scis
269 3640 402 3717 comitem
417 3631 591 3698 horridulum
606 3641 671 3700 tritt
685 3642 791 3699 donare
805 3642 941 3700 lacerna:

192 3703 237 3774 Εἴ,
253 3705 370 3775 Verum,
385 3711 487 3783 mquis,
502 3735 584 3776 arno:
605 3738 701 3776 verum
717 3720 786 3776 mihi
800 3721 888 3780 dicite
902 3723 938 3779 tle
954 3740 1008 3780 me.

191 3781 252 3840 Qui
266 3783 353 3858 potel
374 3783 415 3840 ris
428 3788 543 3851 dicuml
563 3798 692 3874 nugaris,
706 3815 793 3872 quum
808 3799 871 3873 tibi,
885 3799 976 3874 calve,
