2666 4310
491 109 501 126 ,t
538 117 541 128 ,
578 67 729 121 *incra-,a

409 135 413 152 'r
427 127 492 184 wls!
539 131 555 146 w
576 111 624 152 Ὦ(
670 113 708 252 {X

547 283 670 334 sarmit
684 285 722 334 X.

143 423 273 483 Delatord
293 425 395 501 quibus
407 426 540 484 indiciis?
561 447 616 502 quo
630 440 700 485 teste
714 428 862 503 probavit?

141 503 188 560 Nil
204 506 321 561 horum.
344 507 461 562 verbosa
474 519 502 562 et
516 508 631 581 grandis
646 507 764 595 epistola
779 509 857 564 venit

141 582 309 658 ACapreis.
351 584 430 640 Bene
445 586 545 653 habet3
568 586 605 640 nil
622 586 705 660 plus
699 597 848 663 interrogo
892 585 950 642 Sed
966 585 1034 660 quid

140 661 241 718 Turba
255 661 365 718 Remi
355 663 367 706 Ψ
409 663 509 736 Sequit
498 674 543 720 tur
557 663 722 734 Fortunam,
738 675 787 719 ut
783 684 903 740 semper,
917 676 946 722 et
958 665 1018 722 odit

143 739 307 798 Damnatos
349 740 431 798 Idem
445 743 613 816 populus,
591 763 615 798 sr
630 741 736 798 Nursia
751 743 850 800 Tusco

142 818 279 890 Favisset,
294 820 318 876 si
332 839 465 916 oppressa
480 821 664 894 sorethecrrra
679 822 823 878 senectus)

141 897 291 973 Principis,
307 899 382 955 hac
376 917 436 973 ipsa
451 899 708 974 Sejanum'diceret
723 901 791 956 hora

139 977 312 1052 Augustum.
353 977 370 1033 J
374 997 418 1034 am
432 979 553 1052 pridem,
568 997 602 1034 ex
617 997 672 1052 quo
686 978 819 1054 suffragia
832 979 903 1036 nulli

140 1055 309 1128 Vendimus,
324 1055 424 1113 effudit
444 1076 535 1114 curas.
556 1075 559 1080 ’
576 1055 654 1112 Nam
669 1057 716 1131 qui
731 1057 816 1114 dabat
829 1057 897 1114 olim

140 1132 305 1209 Imperium,
320 1135 420 1206 fasces,
435 1135 571 1210 legioneS‚
586 1135 692 1207 omnia,
707 1154 785 1193 nunc
799 1155 829 1192 se

140 1212 285 1285 Continet,
297 1226 379 1288 atque
394 1215 465 1270 duas
478 1212 589 1272 tantum
604 1234 648 1270 res
662 1215 764 1271 anxius
776 1227 864 1290 optat,

139 1291 248 1349 Panem
262 1304 291 1350 et
305 1293 464 1350 Circenses.
506 1293 649 1350 Perituros
663 1293 748 1350 audio
762 1295 874 1351 multos.

140 1369 190 1427 Nil
204 1371 339 1440 dubium;
361 1391 465 1446 magna
478 1384 521 1428 est
535 1371 696 1428 fornacula:
717 1373 869 1447 pallidulus
882 1371 922 1430 mi
960 1369 996 1430 ,Η

140 1449 285 1507 Brutidius
300 1469 380 1506 meus
394 1451 429 1506 ad
445 1449 544 1507 Martis
559 1449 611 1507 fuit
624 1451 723 1507 obvius
737 1470 823 1508 aram.

139 1527 239 1590 Quam
252 1530 348 1600 timeo,
362 1529 453 1585 victus
468 1549 503 1586 ne
518 1549 616 1605 poenas
629 1531 724 1618 exigat
738 1530 822 1606 AJ'ax,

139 1607 179 1665 Ut
192 1605 266 1665 male
281 1575 432 1664 defe'nsus!
455 1609 610 1664 Curramus
625 1609 792 1683 praecipites,
807 1621 845 1680 et,

49 1745 53 1753 ,
141 1686 241 1743 Dum
231 1699 309 1763 Jacet
323 1687 352 1743 in
367 1687 437 1777 ripa,
453 1686 597 1744 calcemus
611 1687 733 1744 Caesaris
749 1655 866 1744 hostem.

141 1767 198 1822 Sed
214 1767 328 1823 videant
341 1767 423 1838 servi,
438 1784 474 1822 ne
489 1765 552 1840 quis
566 1778 660 1841 neget,
674 1778 703 1823 et
716 1766 871 1842 pavidum
865 1786 893 1823 m
907 1765 954 1842 jus

140 1845 260 1902 Cervice
273 1845 409 1902 obstricta
424 1845 570 1902 dominum
585 1846 684 1902 trahat.
726 1845 766 1901 Hi
781 1864 930 1919 sermones¹

140 1923 229 1980 Tunc
243 1925 278 1981 de
294 1923 409 1999 Sejano,
425 1935 532 1981 secreta
548 1925 609 1980 haec
625 1942 770 1980 murmura
784 1923 869 2000 vulgi.

143 2003 231 2060 Visne
245 2003 369 2074 salutari,
384 2004 458 2060 sicut
469 2003 609 2078 Sejanus?
632 2003 736 2058 habere

140 2080 338 2154 Tantundem,
353 2093 436 2156 atque
450 2083 490 2138 illi
504 2101 628 2137 summas
644 2082 749 2138 donare
764 2081 898 2138 curules?

140 2159 226 2216 Illum
240 2161 409 2218 exercitibus
423 2161 608 2236 praepouerei
629 2171 702 2217 tutor
717 2160 813 2216 haberi

140 2239 281 2314 Principis
296 2241 416 2315 angusta
431 2239 604 2314 Caprearum
620 2239 648 2296 in
663 2257 732 2314 rupe
747 2237 871 2296 sedentis

141 2318 216 2376 Cum
230 2337 317 2394 grege
331 2319 489 2376 Chardaeor
512 2319 563 2375 Vis
577 2315 654 2374 certe
671 2319 736 2393 pila,
751 2319 891 2389 cohortes,

142 2397 283 2473 Egregios
296 2399 415 2473 equites,
429 2409 457 2455 et
471 2412 563 2454 castra
576 2397 755 2454 domestica?
775 2395 889 2456 Quidni

145 2476 215 2533 Haec
229 2476 346 2552 cupias?
369 2487 406 2548 et,
421 2477 468 2552 qui
483 2477 583 2534 nolunt
596 2477 727 2534 occidere
741 2495 913 2550 quenquam,

141 2555 229 2614 Posse
243 2555 347 2614 volunt.
390 2556 449 2612 Sed
463 2573 525 2630 quae
540 2556 676 2632 praeclara
690 2567 718 2612 et
731 2574 864 2630 prospera
877 2555 958 2628 tauri,

141 2633 180 2691 Ut
194 2634 278 2690 rebus
291 2634 364 2692 laetis
377 2653 427 2710 par
443 2636 478 2692 sit
493 2654 624 2691 mensura
638 2632 827 2692 malorumih'

142 2712 247 2789 Hujus,
261 2733 310 2788 qur
302 2714 442 2771 trahitur
445 2725 629 2788 ,praetextam
644 2733 756 2770 sumere
770 2713 869 2786 mavis,

141 2793 191 2849 Au
206 2791 380 2850 Fidenarum
366 2760 606 2867 (radiorumque
619 2811 682 2848 esse
696 2803 830 2868 potestas,

142 2870 181 2928 Et
194 2871 229 2928 de
244 2872 378 2929 mensurd
389 2871 437 2947 jus
450 2872 555 2942 dicere,
571 2891 636 2928 vasa
650 2871 758 2927 minora

141 2947 286 3046 Frangere
301 2969 444 3026 pannosus
455 2951 551 3006 vacuis
565 2951 670 3026 AEdilis
683 2949 820 3006 Ulubris?

141 3025 220 3105 Ergo
234 3030 301 3104 quid
315 3029 470 3105 optandum
486 3029 588 3086 soret
559 3047 726 3104 ,ignorasse
742 3027 837 3086 suteris

141 3108 297 3198 Sejanum:
318 3127 385 3165 nam
399 3108 446 3182 qui
460 3109 562 3164 nimios
572 3108 686 3183 optabat
700 3109 831 3179 honores,

141 3185 221 3244 Et·
193 3187 295 3244 nimias
309 3187 442 3263 poscebat
454 3206 532 3262 opes,
548 3205 699 3244 numerosa
712 3186 828 3261 parabat

141 3265 270 3324 Excelsae
284 3267 368 3324 turris
382 3266 516 3336 tabulata,
531 3267 606 3322 uude
622 3265 703 3322 altior
716 3277 792 3322 esset
929 3311 934 3329 ,

141 3346 243 3417 tusus,
258 3357 286 3402 et
299 3345 427 3420 impulsae
440 3365 567 3421 praeceps
578 3345 702 3402 immane
717 3345 816 3402 ruinae.
847 3327 866 3400 7:

140 3423 223 3485 Quid
237 3425 355 3482 Crassos
357 3423 446 3498 ,quid
462 3423 490 3478 Ρ
495 3425 612 3498 ›mpeios
626 3423 746 3480 evertit?
768 3434 797 3480 et
811 3359 931 3497 illuni:

141 3503 189 3562 Ad
203 3522 254 3560 sua
267 3522 315 3578 qur
308 3470 451 3560 'ddmitos
466 3503 582 3559 deduxit
597 3503 684 3577 flagra
697 3502 850 3563 Quiritest

140 3581 277 3638 Summus
291 3601 394 3658 nempe
408 3583 488 3639 locus
502 3582 580 3638 nulla
595 3601 652 3638 non
667 3593 725 3637 arte
739 3583 855 3657 petitus,

142 3659 306 3737 Magnaque
320 3660 485 3718 numinibus
499 3672 561 3716 vota
575 3661 710 3718 exaudita
724 3659 864 3736 malignis.

141 3741 188 3797 Ad
200 3758 336 3815 generum
352 3737 466 3795 Cereris
480 3739 541 3796 sine
556 3740 637 3795 crede
651 3751 680 3795 et
695 3740 809 3796 vulnere
824 3739 908 3815 pauci

143 3819 329 3876 Descendunt
339 3836 431 3894 regeS,
445 3829 474 3874 et
485 3817 563 3876 sicca
578 3828 667 3875 morte
681 3819 802 3894 tyranni.
