2666 4310
154 227 189 284 16
462 223 494 271 n.
511 221 607 272 turen
625 223 821 272 iuvaturus

149 367 322 443 ,liquentem
337 362 407 424 saud
422 366 536 442 paribus
549 365 678 438 sestertia¹
691 365 780 439 libris,

149 446 187 504 Ut
200 446 358 522 perhibent,
371 447 420 521 qui
434 448 469 504 de
484 445 593 521 magnis
608 446 713 520 majora
726 446 887 520 loquuntur.

150 524 308 582 Consilium
322 524 406 581 laudo
421 524 545 595 artificis,
560 525 583 580 si
597 543 715 582 munere
728 537 808 582 tanto

152 603 326 678 Praecipuam
341 603 370 660 in
385 604 487 661 tabulis
501 622 594 660 ceram
609 604 686 660 senis
701 604 816 662 abstulit
828 604 899 663 orbi.

151 682 202 740 Est
216 683 286 740 ratio
300 681 423 754 ulterior,
438 699 549 757 magnae
562 682 586 738 si
601 681 676 738 misit
690 683 800 754 amice,

150 762 225 823 Qua
240 761 350 818 vehitur
363 762 460 820 clauso
473 761 537 818 latis
550 761 743 836 specularibus
757 774 845 820 antro.

151 840 200 898 Nil
214 840 270 898 tale
284 852 448 916 exspectes:
468 840 537 898 ernit
550 839 612 898 sibi.
655 839 747 898 Multa
761 841 899 913 videmus,

150 920 226 981 Quae
241 920 364 976 miseret
378 919 450 996 frugi
465 939 522 977 non
538 920 604 978 lecit
618 920 746 994 Apicius.
789 919 855 977 Hoc
868 932 900 978 tu

151 999 324 1056 Succinctus
337 999 427 1073 patrib
440 999 592 1074 quondam,
607 998 748 1074 Crispine,
762 1001 887 1074 papyrol

152 1076 217 1134 lloc
230 1077 319 1152 pretio
334 1079 476 1152 squamael
496 1077 587 1152 potuit
601 1077 717 1134 sortasse
731 1079 848 1135 minoris

154 1157 286 1227 Piscator,
300 1153 384 1231 qualm
399 1157 493 1232 piscis,
507 1157 572 1214 erni.
614 1156 764 1214 Provincia
777 1158 848 1215 tanti

151 1235 258 1294 Vendit
272 1255 370 1310 agros;
391 1237 440 1294 sed
455 1236 574 1311 majores
589 1235 714 1312 Appulia
727 1236 832 1295 vendit.

150 1314 261 1376 Quales
275 1326 344 1371 tunc
357 1315 456 1390 epulas
470 1315 561 1390 ipsum
575 1313 693 1389 glutisse
705 1326 838 1390 putemus

153 1392 402 1468 Endoperatcrem‚
416 1413 504 1468 quum
525 1404 566 1451 tot
588 1394 725 1464 sestertia,
739 1406 847 1468 partem

152 1471 301 1547 Exiguam,
317 1483 346 1528 et
360 1473 478 1530 modica
492 1484 631 1546 sumptam
645 1473 681 1528 dc
697 1473 824 1548 margine
838 1493 940 1548 coenae,

152 1551 314 1625 Purpureus
328 1551 422 1626 magni
437 1551 555 1608 ruotdrit
568 1570 664 1608 scurra
679 1551 780 1623 Pnlati·,

151 1629 217 1688 Jam
231 1629 363 1706 princeps
376 1631 512 1704 equitum,
526 1631 629 1704 magnai
642 1630 690 1704 qui
705 1649 773 1690 voce
787 1632 895 1690 solebat

152 1709 284 1766 Vendere
298 1709 457 1784 municipes
469 1708 553 1768 frictd
568 1709 604 1764 de
619 1725 715 1766 merce
729 1707 854 1766 silurosl

152 1787 262 1864 Incipe,
277 1788 415 1863 Calliope,
430 1789 496 1846 licet
510 1800 538 1845 et
552 1788 717 1845 considere:
738 1800 853 1847 nonest

151 1867 345 1940 Cantandum,
359 1887 405 1924 res
418 1886 484 1924 vera
498 1868 599 1942 egitur.
641 1866 771 1939 Narrate,
786 1869 888 1944 puellae

152 1946 297 2005 Pierides.
318 1946 406 2022 prosit
419 1947 488 2004 mihi
504 1966 551 2003 vos
565 1947 669 2003 dixisse
684 1947 809 2022 puellas!

189 2026 290 2090 Quum
302 2025 360 2101 jam
374 2027 572 2084 semianimum
587 2026 722 2083 laceraret
738 2027 853 2083 Flavius
866 2027 965 2086 orbem

151 2104 282 2178 Ultimus,
296 2117 325 2163 et
338 2105 417 2162 calvo
431 2107 546 2163 serviret
560 2105 653 2162 Roma
668 2104 794 2174 Neroni3

151 2183 258 2242 Incidit
274 2185 390 2245 Adriaci
406 2185 527 2260 spatium
542 2184 707 2241 admirabile
723 2186 832 2242 rhombi

151 2265 228 2321 Ante
242 2265 358 2321 domum
373 2264 504 2335 Veneris,
515 2282 598 2338 quam
614 2263 718 2320 Dorica
732 2265 851 2321 sustinet
864 2265 980 2337 Ancon,

151 2341 336 2418 Implevitque
350 2343 448 2399 sinus:
470 2362 561 2417 neque
575 2342 652 2400 enirn
666 2344 757 2400 minor
773 2344 892 2401 hmserat
906 2344 971 2416 illis,

150 2422 234 2484 Quos
246 2422 337 2498 operit
350 2421 456 2497 glacies
470 2421 614 2492 Maeotica,
630 2436 765 2497 ruptaque
780 2424 895 2480 tandem

152 2501 265 2558 Solibus
279 2500 399 2558 effundit
412 2501 548 2577 torpentis
560 2501 594 2557 ad
609 2502 681 2558 ostia
695 2502 777 2558 Ponti

151 2579 270 2638 Desidit
283 2581 387 2652 tardos,
403 2593 431 2639 et
444 2581 529 2656 longo
544 2580 645 2656 frigore
659 2581 788 2656 pingues.

151 2659 282 2718 Destinat
296 2661 350 2717 hoc
363 2671 519 2718 monstrum
533 2660 642 2734 cymbae
657 2659 763 2734 linique
777 2659 911 2735 magister

151 2739 282 2798 Pontifici
296 2757 415 2796 summo.
456 2738 533 2800 Quis
546 2739 623 2796 enirn
637 2758 792 2815 proponere
806 2739 891 2798 talem

151 2819 212 2876 Aut
224 2837 319 2876 emere
333 2819 459 2890 auderet,
474 2837 560 2896 quum
572 2818 656 2893 plena
670 2831 699 2875 et
713 2818 804 2878 littora
817 2817 909 2878 multo

151 2897 283 2956 Delatore
298 2897 409 2956 sorentl
450 2897 576 2973 Dispersi
590 2910 725 2973 protenus
738 2897 809 2974 algas

150 2977 336 3054 inquisitores
350 2989 467 3054 agerent
480 2996 547 3036 cum
561 2977 668 3053 remige
682 2978 769 3048 nudo,

150 3056 218 3115 Non
233 3057 387 3115 dubitaturi
402 3056 550 3133 fugitivum
565 3057 660 3114 dicere
674 3057 792 3132 piscem,

150 3136 362 3213 Depastumque
376 3134 425 3194 did
441 3137 543 3194 vivaria
558 3135 689 3205 Caesaris,
704 3136 770 3192 iude

151 3215 284 3292 Elapsum
299 3229 422 3274 veterem
437 3217 471 3274 ad
487 3216 634 3273 dominum
648 3216 751 3272 debere
765 3213 875 3272 reverti.

151 3295 183 3353 Si
198 3296 265 3371 quid
279 3294 413 3368 Palfurio,
425 3296 448 3353 si
464 3296 607 3353 credimus
622 3294 782 3364 Armillato,

150 3375 299 3450 Quidquid
314 3377 511 3452 conspicuum,
525 3373 731 3451 pulchrumque
746 3386 789 3430 est
804 3389 915 3446 {equore
928 3381 997 3444 toto,

150 3455 212 3512 Res
226 3455 286 3512 fisci
301 3467 353 3528 est,
368 3457 529 3530 ubicunque
544 3464 630 3512 natat.
672 3451 832 3510 Donabitur
845 3448 927 3528 ergit,

150 3534 198 3592 Ne
211 3546 315 3611 pereat.
356 3535 422 3592 Jam
437 3535 546 3592 letifero
559 3534 680 3591 cedente
696 3532 803 3606 pruinis

151 3615 307 3687 Autumno,
319 3615 378 3691 jam
391 3627 558 3691 quartanam
572 3611 750 3688 sperantibus
764 3609 856 3686 aegris,

151 3693 294 3752 Stridebat
309 3695 444 3753 deformis
458 3694 559 3764 hiems,
573 3692 752 3767 predamque
767 3701 911 3748 recentem

151 3773 286 3832 Servabat
326 3786 422 3834 tamen
436 3775 484 3831 hic
497 3782 638 3849 properat,
653 3769 728 3828 velut
743 3781 862 3845 urgueat
875 3769 988 3857 Auster.
