2666 4310
566 276 690 312 snmus
713 277 745 312 rr
1111 283 1150 324 >tu
1221 307 1222 312 ,

201 410 380 468 Contentum
395 421 499 479 tamen,
514 419 542 464 et
556 419 679 484 pactum,
694 419 722 464 et
736 409 885 482 sponsalia,
900 408 995 466 nostr-d
1110 408 1150 466 25

161 489 345 564 Tempestate
358 507 449 563 paras,
462 487 575 562 jamque
591 506 605 542 a
621 499 732 544 tonsore
746 488 880 562 magistro

162 568 299 638 Pecteris,
314 579 342 624 et
356 568 444 642 digito
458 567 562 641 pignus
577 566 694 622 fortasse
708 567 818 622 dedisti.

162 645 249 704 Certe
265 665 351 703 sanus
365 646 446 702 eras!
471 645 602 716 Uxorem,
619 643 761 715 Postume,
777 646 878 702 ducisl

160 725 227 797 Dic,
241 725 298 800 qud
312 724 480 800 Tisiphone,
495 725 596 798 quibus
610 725 754 798 exagitare
768 724 910 780 colubris?

160 805 248 862 Ferre
261 816 342 880 potes
356 805 504 861 dominam·
515 803 597 859 salvis
611 813 652 859 tot
666 803 786 859 restibus
801 804 896 875 ullam,
1108 803 1148 862 30

159 883 262 945 Quum
275 894 390 959 pateant
403 883 466 940 altae
482 881 693 957 caligantesque
708 882 848 954 lenestrae,

159 962 261 1023 Quum
275 963 325 1020 tibi
340 963 466 1018 vicinum
480 981 510 1018 se
524 961 648 1036 praebeat
663 960 795 1018 AEmilius
809 980 880 1036 pons
888 961 940 1017 l-

160 1043 219 1099 Sed
234 1042 326 1118 placet
341 1041 453 1098 Ursidio
467 1040 512 1096 lex
527 1039 544 1094 J
548 1040 622 1096 ulia:
644 1040 741 1098 tollere
756 1039 869 1096 dulcem

159 1121 274 1197 Cogitat
288 1121 429 1178 haeredem
443 1121 581 1178 cariturus
595 1129 703 1176 turture
716 1137 830 1192 magno,
862 1174 874 1185 ,

160 1198 191 1256 M
196 1201 371 1274 ullorumque
382 1199 468 1275 jubis,
483 1211 511 1256 et
525 1197 809 1273 captatoremacelh).
838 1188 964 1256 (ΜΛ
990 1187 1147 1256 aaut&
1163 1211 1223 1295 8⁰⁰²

158 1279 240 1340 Quid
254 1279 315 1336 fieri
329 1298 387 1336 nou
401 1297 483 1353 posse
497 1289 589 1353 putes
604 1276 767 1352 sijungitur
782 1276 839 1334 ulla
911 1276 1008 1358 μω

159 1357 292 1416 Ursidiol
313 1359 337 1414 si
351 1358 525 1414 moechorum
540 1355 703 1413 notissimus
716 1356 783 1412 olim

160 1437 255 1494 Stulta
267 1437 389 1494 maritali
401 1436 460 1511 jam
473 1435 591 1510 porrigit
604 1454 654 1492 ora
667 1435 800 1510 capistro,
1003 1428 1070 1500 ,ts

158 1516 257 1576 Quem
271 1516 355 1573 toties
369 1515 439 1572 texit
452 1513 569 1590 perituri
584 1514 657 1570 cista
670 1513 789 1571 Latinil
927 1536 931 1544 ³
962 1501 985 1579 ‚l
1014 1504 1018 1514 ’

81 1595 259 1668 740,ssde
280 1592 357 1670 qubd
371 1605 401 1651 et
415 1593 538 1668 antiquis
554 1612 623 1650 uxor
637 1594 672 1650 de
687 1593 812 1650 moribus
826 1593 867 1651 illi
921 1587 928 1594 ⁹
1104 1594 1145 1654 40

158 1673 315 1734 Quaeritur.
357 1672 385 1730 O
399 1673 513 1743 medici,
528 1673 651 1729 mediam
665 1673 827 1746 pertundite
842 1673 960 1731 venaml

162 1753 285 1810 Delicias
299 1752 437 1810 hominis!
480 1751 636 1826 Tarpeium
653 1751 739 1808 limen
754 1753 841 1808 adora

158 1832 281 1904 Pronus,
295 1841 325 1888 et
338 1843 465 1888 auratam
480 1830 587 1888 lunoni
602 1831 680 1886 cmde
694 1831 856 1905 juvencam,

158 1911 191 1968 Si
205 1911 256 1967 tibi
271 1909 422 1986 contigerit
436 1910 537 1984 capitis
550 1920 680 1966 matrona
693 1909 797 1984 pudici.
923 1972 925 1980 ,

157 1988 262 2046 Paucae
276 1986 348 2046 adeo
363 1989 477 2045 Cereris
490 1989 573 2045 vittas
587 1987 753 2063 contingere
767 1988 871 2063 dignae,
913 1995 918 2016 ²
942 1989 960 2014 ⁴*

155 2067 290 2129 Quarum
305 2087 362 2124 non
376 2067 475 2139 timeat
487 2079 567 2142 pater
581 2068 687 2124 oscula.
729 2065 822 2124 Necte
836 2085 972 2124 coronam

157 2146 299 2218 Postibus,
313 2157 343 2204 et
356 2147 459 2204 densos
473 2166 522 2220 per
536 2146 635 2202 limina
649 2146 733 2203 tende
748 2145 904 2220 corymbos.

156 2225 239 2283 Unus
254 2225 376 2284 Iberinae
390 2225 431 2282 vir
446 2225 569 2282 suffieit?
610 2223 703 2282 Ocius
717 2225 787 2282 illud
932 2287 938 2292 ,

156 2303 355 2380 Extorqnebis,
364 2315 401 2360 ut
415 2306 477 2361 hoec
490 2305 573 2362 oculo
587 2317 721 2362 contenta
735 2305 771 2361 sit
784 2323 850 2362 uno.

197 2383 307 2460 Magna
320 2394 416 2441 tamen
431 2383 506 2440 fama
521 2394 564 2440 est
578 2384 728 2458 cujusdam
744 2402 809 2440 rure
822 2395 941 2458 paterno

155 2462 293 2520 Viventis.
335 2464 419 2521 Vivat
432 2463 542 2534 Gabiis,
558 2474 589 2520 ut
602 2463 670 2520 vixit
684 2463 712 2519 in
728 2481 795 2538 agro
807 2482 814 2531 ;
910 2525 915 2545 Ι

156 2542 242 2599 Vivat
256 2541 389 2599 Fidenis!
431 2541 469 2598 Et
485 2542 575 2616 agello
590 2543 662 2599 cedo
676 2552 815 2616 paterno:
897 2560 909 2577 'r
982 2557 990 2594 ·.
1063 2541 1065 2552 '

153 2619 232 2682 Quis
245 2633 340 2678 tamen
356 2621 484 2692 affirmat,
500 2621 539 2678 nil
555 2632 649 2677 actum
665 2622 693 2677 in
708 2621 861 2692 montibus,
876 2631 925 2678 aut
938 2622 969 2680 in
1053 2613 1060 2636 ”

155 2699 327 2775 Speluncisl
349 2698 433 2758 Aded
448 2711 604 2757 senuerunt
618 2699 730 2774 Jupiter
744 2711 772 2756 et
787 2699 887 2757 Marsl

194 2779 390 2836 Porticibusne
403 2779 454 2836 tibi
469 2790 639 2836 monstratur
654 2778 770 2836 loemina
781 2789 844 2836 voto

153 2855 252 2932 Digna
266 2860 337 2916 tuol
358 2857 466 2914 Cuneis
481 2876 517 2914 an
533 2859 639 2914 habent
652 2858 814 2932 spectacula
827 2857 902 2929 totis,
919 2881 925 2892 ¹
971 2885 996 2904 ϊ
1020 2877 1047 2906 ‘r

93 2996 99 3010 ,
152 2937 240 2998 Quod
255 2955 372 2994 securus
386 2956 473 3008 ames,
488 2939 616 3012 quodque
632 2938 698 2994 inde
712 2956 862 3011 excerpere
876 2937 966 3012 possis
974 2939 1026 2994 l-

153 3015 272 3092 Accipis
286 3034 412 3087 uxorem,
426 3016 462 3072 de
476 3016 532 3090 qud
546 3017 718 3074 citharoedus
733 3015 844 3072 Echion

153 3096 213 3152 Aut
226 3095 388 3170 Glaphyrus
402 3095 449 3151 liat
463 3107 550 3170 pater,
566 3095 788 3169 Ambrosiusque
802 3094 958 3152 choraules.

152 3173 252 3250 Longa
266 3193 315 3249 per
329 3185 462 3249 angustos
476 3174 595 3249 figamus
608 3173 715 3250 pulpita
727 3175 819 3230 vicos:

151 3250 298 3309 Ornentur
312 3263 415 3328 postes,
429 3264 458 3309 et
472 3253 571 3328 grandi
584 3253 671 3328 janua
685 3252 773 3324 lauro,

151 3329 189 3388 Ut
202 3331 363 3388 testudineo
375 3331 436 3403 tibi,
451 3331 581 3402 Lentule,
596 3351 723 3406 conopeo
1040 3405 1042 3412 γ
1067 3373 1073 3406 3
1104 3384 1112 3407 ,

150 3408 263 3467 Nobilis
278 3409 431 3485 Euryalum
447 3410 643 3468 mirmillonern
658 3429 692 3466 ex
712 3410 795 3466 rimat
809 3409 910 3469 infans.
932 3413 955 3443 l'
973 3415 998 3429 ”’
1018 3420 1020 3428 ’
1086 3429 1095 3438 ‘

190 3487 288 3563 Nupta
302 3489 424 3546 senatori
439 3489 572 3546 comitata
585 3501 645 3546 est,
673 3490 748 3564 appia
762 3489 870 3545 ludium
920 3493 939 3558 ‘-
1040 3485 1042 3492 '

149 3567 196 3623 Ad
213 3567 335 3639 Pharon,
349 3579 378 3624 et
392 3567 502 3639 Nilum,
518 3568 677 3642 famosaque
693 3567 797 3624 moenia
811 3567 893 3644 Lagi,
919 3581 924 3595 ¹
948 3591 950 3599 ·

150 3644 282 3721 Prodigia
296 3659 325 3704 et
340 3665 431 3703 mores
445 3646 529 3703 Urbis
544 3647 697 3702 damnante
712 3646 837 3721 Canopo.

149 3722 302 3782 Immemor
317 3725 363 3781 illa
377 3725 487 3796 domim,
502 3735 530 3782 et
544 3725 682 3800 conjugis,
697 3737 779 3800 atque
794 3726 905 3797 sororis,

148 3801 199 3862 Nil
213 3804 309 3880 pratriae
325 3805 460 3874 indulsit;
483 3805 678 3880 plorantesque
694 3803 821 3881 improba
835 3815 925 3866 natos.
