2652 4308
565 145 600 222 Ι

230 302 286 358 mu
563 299 594 346 Α.
614 297 723 346 rnnsn
743 297 852 346 rurcc

226 440 327 500 Quum
343 441 416 498 bene
430 439 571 498 discincto
584 440 740 498 cantaverit
752 439 847 497 ocima
861 457 954 496 verne

231 519 266 576 Ut
281 539 364 578 nemo
380 539 408 576 m
424 539 486 576 sese
500 531 590 577 tentat
603 520 788 588 descendere,
803 519 902 576 nemo!

229 599 286 654 Sed
301 598 473 674 precedenti
488 609 630 673 spectatur
642 598 765 654 mantica
778 607 875 672 tergo·

267 675 434 748 Quesieris,
449 675 563 734 Ntistin’
580 676 693 734 Vectidi
705 675 830 751 praedial
852 675 953 750 ‘cuju
960 674 981 730 l'
1181 673 1222 730 '25

229 753 316 812 Dives
330 766 390 812 arat
403 755 537 826 Curibus,
550 753 688 830 quantum
702 773 758 812 non
774 753 874 811 milvus
886 755 1006 810 oberret.

229 839 237 863 ‘
255 831 342 890 Hunc
353 833 414 890 eisl
436 834 512 890 bunc
526 833 571 890 dis
585 833 663 890 iratis
675 833 816 910 genioque
831 833 963 890 sinistrol

228 909 290 971 Qui
304 912 472 988 quandoque
483 913 583 988 jugum
598 923 711 988 pertusa
725 912 761 969 ed
773 911 897 986 compita
905 909 975 988 tigit,

230 989 347 1046 Seriolrc
362 1003 484 1047 veterem
498 1003 629 1048 metuens
643 990 779 1046 deradere
793 989 903 1061 limum,

233 1067 364 1144 Ingemit,
378 1068 444 1126 Hoc
458 1068 522 1126 bene
535 1071 574 1126 sit
581 1071 593 1126 !
614 1069 770 1126 tunicatum
786 1087 853 1124 cum
868 1067 925 1164 sele
939 1067 1074 1126 mordens
1179 1065 1224 1124 30

229 1147 332 1222 Cepe:
353 1159 381 1204 et
396 1147 498 1204 larrettl
523 1148 617 1224 pueris
631 1147 832 1224 plaudentibus
854 1147 921 1215 olle,

230 1225 389 1284 Pannosem
404 1227 502 1284 faecem
518 1227 663 1284 morientis
676 1225 770 1282 sorbet
783 1226 875 1282 aceti.¹
892 1224 909 1259 *
921 1223 938 1257 *
950 1221 967 1258 ⁸
979 1224 1025 1261 ⁰

269 1304 424 1376 Credimus,
439 1305 523 1379 inque
538 1306 627 1361 vicem
642 1305 800 1380 prebemus
815 1323 898 1361 crure
911 1303 1028 1380 sagittis

233 1382 341 1440 Vivitur
355 1384 409 1440 boc
422 1397 519 1458 pecto:
541 1384 583 1440 sic
598 1385 743 1440 novimus:
766 1383 813 1439 ilia
827 1383 923 1440 subter

229 1461 347 1518 Caecum
362 1462 462 1518 vulnus
474 1463 576 1518 babes:
598 1464 646 1518 sed
662 1463 719 1519 lato
733 1462 842 1518 balteus
856 1481 925 1519 auro

232 1539 378 1615 Praetegit:
400 1551 431 1597 ut
444 1542 541 1610 mavis,
556 1542 592 1597 da
607 1542 700 1610 verba,
714 1553 742 1598 et
753 1541 853 1615 decipe
867 1560 976 1612 nervos,

230 1618 262 1674 Si
277 1629 365 1692 potes.
407 1619 577 1695 ‘Egregium
593 1639 679 1694 quum
695 1639 739 1676 me
754 1619 858 1676 vicinia
872 1620 957 1690 dicat,

230 1695 298 1753 Non
313 1698 426 1754 credam
436 1700 455 1754 l’
498 1699 576 1768 Viso,
590 1699 613 1755 si
628 1699 726 1774 palles,
742 1698 879 1772 improbe,
893 1713 1025 1764 nurnmo;
1039 1696 1055 1730 '
1068 1697 1085 1731 ⁸
1099 1697 1117 1732 ⁸
1132 1698 1151 1733 *

230 1776 262 1832 Si
277 1775 370 1850 puteal
385 1777 474 1834 multd
487 1787 587 1834 cautus
599 1777 690 1834 vibice
704 1776 845 1852 flagellas:

230 1854 428 1931 Nequidquam
443 1856 545 1931 populo
561 1857 669 1912 bibulas
683 1856 831 1913 donaveris
846 1874 936 1913 aures.
1184 1854 1227 1912 4⁰

230 1934 358 2010 Respue,
372 1935 445 2008 quod
458 1953 514 1991 non
530 1953 578 1990 es:
599 1935 678 1992 tollat
693 1955 744 1992 sua
759 1953 878 1990 munera
892 1934 985 1991 cerdo.

230 2013 343 2071 Tecum
358 2012 460 2084 bebita,
476 2025 506 2070 et
519 2011 605 2080 ndris,
619 2012 705 2088 qulam
720 2014 756 2071 sit
769 2013 820 2070 tibi
834 2025 915 2070 curta
929 2011 1064 2088 supellex.

613 2325 772 2384 SATIRA
793 2326 829 2383 V.

517 2499 565 2546 AD
581 2497 794 2546 MAGISTRUM
813 2498 913 2547 SUUM

556 2657 692 2696 ANNAEUM
712 2658 888 2699 CORNUTUM.

270 2795 405 2855 Vrsinus
419 2796 467 2854 bic
480 2815 541 2854 mos
554 2809 606 2868 est,
621 2809 736 2854 centum
751 2798 804 2856 sibi
818 2817 935 2874 poscere
950 2817 1044 2871 voces,

230 2875 353 2936 Centum
367 2896 425 2946 ora,
440 2887 469 2933 et
482 2875 592 2952 linguas
606 2888 702 2951 optare
716 2877 745 2933 in
760 2877 886 2934 carmina
900 2889 1026 2950 centurn,

232 2953 340 3010 Fabula
353 2974 403 3010 seu
418 2965 517 3010 moesto
530 2966 648 3029 ponatur
663 2957 767 3012 hianda
781 2957 917 3032 tragoedo,

233 3031 359 3088 Vulnere
372 3051 422 3088 sen
437 3033 534 3089 Parthi
548 3033 679 3090 ducentis
693 3035 729 3091 ab
743 3035 860 3109 inguine
876 3035 990 3092 ferrum.

270 3108 416 3168 Quorsum
428 3111 509 3166 haecl
532 3121 581 3168 aut
594 3125 713 3186 quantas
727 3113 833 3170 robusti
848 3115 983 3171 carminis
995 3115 1069 3172 offas

235 3183 352 3257 lugens,
367 3200 398 3243 ut
410 3207 460 3261 par
475 3190 511 3246 sit
524 3202 645 3248 centeno
658 3203 772 3266 gutture
786 3193 859 3249 nitil

232 3261 347 3348 Grande
362 3262 481 3322 locuturi
495 3268 614 3324 nebulas
629 3269 769 3328 Helicone
783 3271 909 3346 legunto,

233 3339 264 3392 St
278 3338 380 3420 quibus
393 3353 441 3398 aut
456 3343 590 3416 Procnes,
605 3360 653 3405 aut
667 3349 690 3405 si
704 3350 806 3423 quibus
819 3349 876 3406 olla
891 3347 1029 3423 Thyeste

234 3413 374 3484 Ferveblt,
388 3435 462 3492 saepe
477 3423 583 3480 insulso
597 3429 739 3484 coenanda
753 3427 884 3504 Glyconi.

234 3490 281 3546 Tu
294 3509 384 3563 neque
399 3496 551 3582 anhelanti,
565 3505 694 3577 coquitur
708 3507 776 3563 dum
793 3525 885 3562 massa
899 3506 1024 3578 camino,

235 3566 321 3655 Folle·
328 3585 430 3641 premis
446 3589 543 3634 ventos
552 3599 559 3647 ;
581 3599 635 3638 nec
650 3584 748 3642 clauso
762 3603 907 3641 murmure
921 3603 1027 3642 raucus

236 3642 341 3699 Nescio
354 3645 421 3719 quia
435 3660 529 3710 tecum
544 3677 628 3730 grave
640 3664 793 3719 cornicaris
807 3659 920 3737 ineptd;

235 3720 300 3776 Nec
313 3721 421 3796 stlnppo
435 3733 557 3789 tumidas
572 3735 695 3794 intendis
709 3760 839 3816 rumpere
855 3741 970 3799 buccas.

237 3797 330 3854 Verba
343 3814 415 3876 tcgae
429 3811 564 3882 sequeris,
576 3812 710 3886 juncturd
726 3819 846 3876 callidus
860 3819 930 3891 acri,
