2666 4310
154 263 194 320 66
466 261 491 310 D
515 262 612 310 JUNll
629 263 825 312 JUVENALIS

156 403 213 460 Sed
227 404 324 480 procul
338 415 487 462 emensum
502 406 632 480 petulans
645 405 736 480 quatit
749 404 842 464 hostia
856 405 963 479 funem,

155 482 282 558 Tarpeio
295 495 405 540 servata
419 484 492 554 lovi,
508 484 682 557 frontemque
694 497 843 542 coruscat:

154 561 271 636 Quippe
287 562 364 618 ferox
378 563 493 634 vitulus,
507 562 619 636 templis
633 575 761 619 maturus
775 575 804 620 et
817 581 883 634 arae,

156 640 394 715 spargendusque
410 660 496 709 mero,
510 659 593 716 quern
606 641 667 716 jam
680 642 769 714 pudet
783 642 872 698 ubera
886 641 984 699 matris

159 718 279 788 Ducere,
293 719 341 792 qui
356 731 436 776 vexat
449 719 576 776 nascenti
592 720 690 776 robora
703 739 801 776 cornu.

156 797 186 852 Si
199 815 244 852 res
257 796 350 872 ampla
365 798 450 867 domi,
464 798 619 872 similisque
633 798 781 854 affectibus
794 810 880 870 esset,

156 874 293 949 Pinguior
309 875 439 951 Hispulla
454 878 610 934 traheretur
623 888 730 948 taurus,
744 889 773 934 et
787 878 849 952 ipsa

157 951 234 1010 Mole
248 954 339 1029 piger,
353 973 409 1012 nec
423 955 543 1012 finitima
558 955 680 1012 nutritus
694 957 724 1012 in
739 956 837 1029 herba,

158 1031 236 1088 Laeta
249 1033 300 1089 sed
312 1033 467 1090 osteudens
480 1033 619 1091 Clitumni
633 1053 740 1108 pascua
752 1035 870 1112 sangnis

159 1109 226 1181 iret,
237 1123 266 1168 et
278 1130 295 1168 a
307 1112 409 1186 grandi
423 1113 517 1169 cervix
532 1112 660 1168 ferienda
672 1113 811 1185 ministro,

157 1189 204 1245 Ob
217 1190 339 1246 reditum
353 1189 518 1266 trepidantis
531 1191 635 1261 adhuc,
650 1191 846 1266 horrendaque
858 1187 935 1269 passi

158 1267 267 1344 Nuper,
281 1279 310 1325 et
323 1269 494 1326 incolumem
506 1288 569 1326 sese
583 1269 713 1328 mirantis
726 1271 820 1327 amici.

158 1345 233 1402 Nam
248 1359 348 1422 praeter
359 1347 452 1422 pelagi
466 1367 560 1420 casus,
574 1363 603 1405 et
618 1347 736 1424 fulguris
750 1349 838 1406 ictum

158 1424 254 1497 Evasi,
268 1427 364 1483 dense
378 1425 482 1484 coelum
497 1425 673 1484 abscondere
686 1427 811 1484 tenebre

158 1503 245 1560 Nube
259 1505 327 1576 und,
341 1505 505 1580 subitusque
519 1518 658 1563 antennas
672 1505 783 1582 impulit
793 1507 868 1581 ignis

157 1581 257 1642 Quum
273 1603 303 1640 se
317 1583 435 1658 quisque
450 1584 498 1642 illo
512 1603 677 1659 percussum
690 1585 829 1657 crederet,
843 1596 872 1643 et
885 1604 951 1643 mox

159 1662 306 1719 Attonitus
319 1661 429 1719 nullum
443 1663 564 1720 conferri
578 1682 661 1738 posse
674 1675 785 1738 putaret

159 1740 349 1817 Naufragium
363 1741 433 1798 velis
447 1741 620 1799 ardentibus.
661 1741 768 1799 Omnia
781 1742 853 1800 liunt

159 1819 253 1892 Talia,
268 1832 325 1878 tam
339 1820 470 1895 graviter,
484 1820 635 1895 siquando
648 1822 761 1894 poetica
775 1821 866 1896 surgit

158 1897 336 1976 Tempestas.
377 1899 477 1956 Genus
490 1918 559 1956 ecce
574 1900 651 1956 alind
666 1899 855 1957 discriminis:
877 1900 944 1958 audi

159 1977 196 2036 Et
210 1979 342 2035 miserere
356 1977 469 2050 iterum,
483 1997 643 2053 quanquam
657 1979 714 2034 sint
728 1989 830 2036 cetera
844 1979 926 2036 sortis

159 2055 314 2132 Ejusdem:
333 2075 398 2133 pars
411 2057 472 2114 dira
486 2057 609 2131 quidem,
624 2059 674 2114 sed
688 2059 803 2132 cognita
816 2058 922 2130 multis,

159 2135 197 2193 Et
210 2155 294 2210 quam
309 2135 399 2193 votiva
415 2146 550 2193 testantur
565 2136 629 2194 sana
644 2137 748 2193 tabella

158 2213 294 2272 Plurima.
337 2214 463 2271 Pictores
479 2215 541 2288 quis
555 2216 645 2272 nescit
660 2216 695 2272 ab
710 2215 785 2272 lside
799 2214 899 2292 pascil

159 2292 276 2350 Accidit
289 2305 318 2350 et
332 2304 427 2349 nostro
441 2293 540 2350 similis
551 2293 662 2350 fortuna
675 2294 796 2350 Catullo.

158 2371 258 2431 Quum
272 2371 373 2446 plenus
388 2369 474 2428 fluctu
489 2371 599 2428 medius
613 2373 684 2430 soret
697 2373 802 2444 alveus,
816 2383 845 2430 et
855 2373 925 2448 jam,

159 2449 310 2524 Alternum
324 2449 425 2524 puppis
435 2449 509 2506 latus
523 2451 714 2508 evertentibus
727 2452 813 2507 undis

159 2527 278 2585 Arboris
293 2528 418 2598 incerte,
433 2528 540 2584 nullam
554 2529 705 2604 prudentia
719 2529 784 2586 cani

159 2606 293 2664 Rectoris
306 2606 447 2664 conferret
460 2626 560 2682 opem;
581 2609 715 2666 decidere
726 2609 805 2684 jactu

159 2685 253 2761 Coepit
263 2704 329 2741 cum
343 2684 435 2741 ventis
445 2704 494 2754 ;-

159 2763 293 2835 Fundite,
307 2782 370 2840 quae
385 2781 448 2820 mea
462 2775 537 2836 sunt,
552 2765 674 2835 dicebat,
686 2777 801 2837 cuncta,
816 2765 956 2838 Catullus,

158 2843 339 2918 Praecipitare
350 2841 449 2913 polens
462 2843 546 2900 etiam
562 2843 760 2919 pulcherrima,
773 2855 878 2900 vestem

159 2922 343 2998 Purpuream,
358 2921 462 2978 teneris
475 2941 585 2998 quoque
599 2921 807 2978 Maecenatibus
817 2921 924 2997 aptam,

159 3001 254 3075 Atque
268 3000 346 3071 alias,
360 3018 478 3075 quarum
493 3002 623 3076 generosi
637 3001 774 3075 graminis
788 3001 880 3076 ipsum

160 3078 264 3135 Infecit
277 3089 377 3136 natura
390 3097 487 3153 pecus,
502 3081 552 3136 sed
566 3091 595 3136 et
609 3079 741 3154 egregius
755 3079 817 3136 fons

159 3157 276 3214 Viribus
288 3156 418 3227 occultis,
432 3169 461 3214 et
475 3158 599 3215 Baeticus
614 3158 725 3232 adjuvat
739 3161 797 3214 abr.

161 3235 215 3292 llle
230 3254 285 3292 nec
299 3245 447 3310 argentum
461 3237 609 3294 dubitabat
622 3237 743 3306 mittere,
757 3237 856 3317 lances
888 3278 893 3292 ,
914 3261 917 3271 r
974 3251 994 3275 *2
1043 3253 1055 3292 ’Δ

161 3314 312 3371 Parthenio
327 3313 424 3384 lactes,
439 3333 517 3371 urnae
531 3327 640 3372 cratera
654 3333 799 3389 capacem,

161 3393 197 3450 Et
211 3392 330 3468 dignum
344 3391 457 3448 sitiente
471 3393 569 3466 Pholo,
585 3393 628 3452 vel
643 3393 764 3468 conjuge
778 3391 875 3449 Fusci.

162 3472 244 3528 Adde
258 3483 287 3528 et
301 3469 465 3542 bascaudas,
480 3483 509 3528 et
522 3471 598 3538 mille
613 3472 731 3542 escaria,
746 3471 866 3527 multum

160 3550 270 3622 celati,
285 3549 395 3607 biberat
405 3569 461 3624 quo
474 3551 594 3608 callidus
607 3559 716 3624 emptor
729 3548 857 3623 Olynthi.
903 3619 907 3625 ι

160 3631 219 3686 Sed
233 3630 295 3704 quis
309 3647 387 3686 nunc
401 3628 482 3700 alius,
497 3629 553 3704 que
567 3629 665 3685 mundi
680 3639 768 3703 parte,
782 3627 845 3701 quis
860 3627 944 3686 audet

162 3709 289 3783 Argenta
303 3707 433 3784 praeferre
447 3719 542 3783 caput,
556 3709 695 3780 rebusque
709 3705 848 3762 saluteml

162 3786 227 3844 Non
241 3800 352 3866 propter
366 3787 452 3845 vitam
467 3786 575 3844 faciunt
588 3784 756 3863 patrimonia
769 3784 893 3861 quidam,
