2666 4310
530 281 563 332 D.
581 279 677 332 JUNll
695 281 891 334 JUl'ENALlS

218 424 254 483 Et
268 425 342 482 malti
356 443 505 501 percussas
519 426 634 484 textoris
648 427 761 502 pectine
775 427 849 484 Galli

217 504 395 580 Accipimus,
411 517 496 561 teuue
508 519 656 580 argentum
672 524 806 580 reumque
820 507 1003 564 secundas.-

216 583 304 644 Quod
318 595 415 640 tamen
430 583 548 640 ulterius
565 597 731 654 monstrum,
745 583 830 660 qudm
846 585 937 642 mollis
952 587 1072 644 avarusl

217 661 290 719 llaec
304 661 399 734 tribui,
413 662 517 718 deinde
533 663 579 718 illa
593 663 669 734 dedi,
685 681 748 720 nrox
762 663 843 738 plura
857 663 952 722 tulisti.

216 740 369 817 Computat
384 753 522 798 accerst.
563 739 688 798 Ponatur
702 742 840 812 calculus,
854 743 948 800 adsint

216 819 292 876 Cum
304 819 400 876 tabulri
415 820 513 896 pueri:
534 838 653 877 numera
668 821 795 878 sestertia
808 821 933 896 quinque

216 897 359 955 Omnibus
373 899 402 956 in
417 899 519 956 rebus:
541 911 725 956 numerentur
739 899 844 966 deinde
866 899 1025 958 labores.-

216 977 275 1034 Vos
289 977 388 1035 humili
402 977 548 1049 asseculae,
563 997 610 1035 vos
624 978 807 1054 indulgebitis
821 997 946 1054 unquam

216 1055 337 1128 Cultori,
348 1057 406 1132 jam
421 1076 476 1114 nec
490 1057 588 1114 morbo
601 1057 707 1114 donare
721 1057 810 1134 parati
822 1059 874 1113 l-

216 1134 282 1207 Dic,
296 1155 402 1211 passer,
416 1136 463 1192 cui
479 1147 520 1194 tot
534 1149 653 1208 montes,
668 1147 709 1194 tot
722 1137 828 1212 praedia
842 1156 936 1194 servas

217 1214 340 1290 Appula,
354 1228 395 1273 tot
409 1215 507 1272 milvos
518 1215 591 1271 intra
605 1227 654 1271 tua
667 1235 774 1292 pascua
787 1215 896 1272 lassosl

216 1292 263 1350 Te
278 1294 436 1351 Trifolinus
450 1313 517 1370 ager
532 1294 671 1350 foecundis
687 1294 790 1351 vitibus
804 1295 911 1370 implet,

217 1369 444 1448 suspectumque
455 1372 555 1448 jugum
570 1373 681 1444 Cumis,
694 1385 723 1432 et
736 1373 849 1429 Gaurus
863 1373 964 1431 inanis.

217 1451 293 1508 Nam
307 1452 371 1526 quis
384 1452 464 1528 plura
478 1453 541 1509 linit
555 1453 662 1510 victuro
676 1453 751 1509 dolia
765 1455 879 1509 mustol

216 1529 367 1591 Quantum
382 1542 442 1588 erat
456 1532 584 1587 exhausti
599 1531 709 1588 lumbos
724 1533 829 1588 donare
843 1532 956 1590 clientis

217 1609 235 1665 J
238 1610 373 1686 ugeribus
386 1611 502 1687 paucisl
524 1611 661 1667 meliusne
676 1611 723 1667 hic
737 1610 859 1667 rusticus
870 1611 974 1684 infans,

217 1688 293 1744 Cum
308 1701 407 1761 matre,
420 1701 449 1746 et
463 1690 576 1760 casulis,
591 1701 618 1746 et
633 1690 772 1747 collusore
786 1689 897 1762 catello,

218 1766 357 1842 Cymbala
369 1767 507 1844 pulsantis
522 1769 645 1844 legatum
661 1769 709 1825 liet
722 1768 826 1825 amicil

218 1845 367 1922 Improbus
381 1867 421 1918 es,
435 1867 520 1922 quum
536 1848 638 1923 poscis,
653 1848 712 1904 ais:
735 1848 785 1904 sed
798 1848 898 1924 pensio
913 1848 1027 1922 clamat,

218 1925 324 1996 Posce;
347 1927 397 1984 sed
412 1927 532 2002 appellat
546 1946 615 2002 puer
630 1927 741 1996 unicus,
757 1937 787 1983 ut
801 1927 966 2002 Polyphemi

218 2004 290 2062 Lata
304 2007 390 2078 acies,
404 2025 552 2082 perquam
567 2005 664 2062 sollers
678 2005 766 2062 evasit
781 2005 885 2062 Ulixes.

218 2085 299 2142 Alter
313 2085 451 2142 emendus
465 2086 535 2142 erit:
557 2103 677 2158 namque
694 2085 810 2141 hicnon
826 2084 946 2142 sufficit:
961 2085 1044 2143 ambo

217 2163 367 2222 Pascendi.
408 2163 490 2225 Quid
505 2183 586 2238 agam
603 2164 723 2220 brumail
744 2164 868 2239 spirante
882 2165 960 2237 quid,
974 2185 1034 2237 oro,

216 2242 298 2303 Quid
313 2244 406 2300 dicam
421 2244 542 2318 scapulis
556 2261 707 2318 puerorum
723 2243 865 2316 Aquilone
881 2243 1035 2300 Decembri

218 2321 255 2378 Et
268 2323 406 2397 pedibusl
426 2323 524 2378 durate
539 2334 622 2396 atque
637 2333 797 2397 exspectate
812 2322 947 2379 cicadasl

217 2399 337 2472 Verum,
352 2412 382 2457 ut
395 2401 566 2472 dissimules,
581 2413 612 2458 ut
627 2401 721 2457 mittas
735 2413 848 2472 caetera,
860 2412 966 2476 quanto

218 2477 329 2537 Metiris
342 2480 442 2555 pretio,
456 2477 544 2554 qudd,
556 2481 585 2536 ni
601 2481 650 2537 tibi
665 2481 778 2537 deditus
791 2499 882 2537 essem

217 2558 399 2634 Devotusque
413 2559 513 2631 cliens,
529 2571 661 2616 uxortua
676 2560 755 2634 virgo
768 2571 898 2616 maneret
908 2561 961 2616 l—

216 2637 363 2710 Iustabile,
378 2657 412 2694 ac
426 2639 519 2695 dirimi
534 2651 667 2714 coeptum,
682 2651 710 2696 et
721 2639 780 2714 jam
794 2635 876 2714 paeud
892 2639 1016 2695 solutum

216 2717 390 2792 Conjugium
404 2718 434 2774 iu
449 2718 545 2774 multis
559 2718 690 2774 domibus
704 2719 824 2774 servavit
838 2717 964 2774 adulteri

215 2794 286 2858 Qud
301 2809 328 2854 te
342 2797 521 2872 circumagas
533 2798 544 2854 l
565 2815 628 2872 quae
642 2798 732 2872 prima
746 2809 795 2854 aut
810 2797 910 2853 ultima
924 2815 1013 2871 ponas
1025 2798 1034 2852 l

216 2876 293 2932 Num
316 2873 385 2953 ergb
407 2879 541 2935 meritum
562 2889 616 2947 est,
637 2877 749 2952 ingrate
772 2896 806 2932 ac
820 2875 937 2952 perfide,
952 2876 1073 2948 nullum,

214 2955 305 3016 Quod
319 2957 370 3012 tibi
384 2956 497 3028 filiolus,
512 2956 586 3030 quod
603 2955 659 3011 lilia
673 2955 799 3012 nascitur
814 2975 850 3012 ex
864 2973 910 3011 me
922 2955 933 3010 l

214 3034 306 3092 Tollis
321 3035 408 3106 enim,
423 3046 452 3091 et
465 3035 544 3091 libris
558 3046 685 3091 actorum
700 3053 831 3110 spargere
845 3035 955 3109 gaudes

215 3115 394 3188 Argumenta
409 3113 468 3171 viri.
511 3113 632 3170 Foribus
648 3114 789 3188 suspende
804 3132 934 3184 coronas,

214 3193 231 3249 J
235 3211 279 3249 am
294 3204 372 3268 pater
387 3210 437 3250 es:
459 3193 600 3264 dedimus,
615 3193 688 3266 quod
705 3193 785 3248 samae
799 3211 941 3268 opponere
954 3191 1061 3268 possis:

213 3271 231 3327 J
235 3291 285 3328 ura
298 3273 424 3347 parentis
439 3273 535 3342 babes,
550 3283 662 3348 propter
677 3289 722 3329 me
736 3271 869 3328 scriberis
883 3272 991 3344 haeres,

215 3351 354 3426 Legatum
368 3370 457 3408 omne¹
467 3351 555 3426 capis,
571 3371 625 3407 nec
640 3369 696 3407 non
711 3363 739 3407 et
754 3350 838 3406 dulce
853 3351 1002 3406 caducum.

213 3427 371 3486 Commoda
380 3441 513 3506 praeterea
526 3430 682 3505 jungentur
696 3430 784 3485 multa
798 3429 924 3500 caducis,

213 3509 244 3564 Si
259 3527 420 3581 numerum,
435 3511 458 3566 si
473 3521 531 3566 tres
546 3509 705 3583 implevero.
747 3508 764 3563 J
768 3520 830 3564 usta
844 3508 957 3578 doloris,

213 3585 240 3642 N
245 3587 341 3659 aevole,
356 3607 443 3644 causa
457 3589 507 3644 tui.
549 3585 657 3644 Contra
672 3599 767 3643 tamen
782 3587 828 3642 ille
842 3587 910 3661 quid
924 3587 1026 3643 affertl

213 3665 351 3742 Negligit,
367 3679 449 3742 atque
464 3668 551 3723 alium
567 3667 697 3742 bipedem
712 3666 764 3721 sibi
779 3667 879 3740 quaerit
893 3665 1021 3722 asellum.

253 3745 327 3802 Haec
343 3747 394 3803 soli
409 3746 558 3802 commissa
575 3747 626 3802 tibi
641 3745 734 3802 celare
750 3757 903 3816 memeut0‚

215 3824 250 3882 Et
264 3826 369 3882 tacitus
383 3837 494 3882 nostras
508 3825 581 3880 iutra
595 3837 623 3881 te
643 3824 697 3900 fige
712 3825 849 3899 querelas.
884 3843 888 3863 =,
