<?xml version="1.0" encoding="UTF-8"?>
<!DOCTYPE html PUBLIC "-//W3C//DTD XHTML 1.0 Transitional//EN"
    "http://www.w3.org/TR/xhtml1/DTD/xhtml1-transitional.dtd">
<html xmlns="http://www.w3.org/1999/xhtml" xml:lang="en" lang="en">
 <head>
  <title>
</title>
<meta http-equiv="Content-Type" content="text/html;charset=utf-8" />
  <meta name='ocr-system' content='tesseract 3.04.00' />
  <meta name='ocr-capabilities' content='ocr_page ocr_carea ocr_par ocr_line ocrx_word'/>
</head>
<body>
  <div class='ocr_page' id='page_1' title='image "./decimijuniijuve01persgoog_0040.png"; bbox 0 0 2666 4310; ppageno 0'>
   <div class='ocr_carea' id='block_1_1' title="bbox 146 289 1215 1926">
    <p class='ocr_par' dir='ltr' id='par_1_1' title="bbox 551 289 737 339">
     <span class='ocr_line' id='line_1_1' title="bbox 551 289 737 339; baseline 0.005 -2"><span class='ocrx_word' id='word_1_1' title='bbox 551 289 673 338; x_wconf 73' lang='lat' dir='ltr'>SATIRA</span> <span class='ocrx_word' id='word_1_2' title='bbox 692 291 737 339; x_wconf 87' lang='lat' dir='ltr'>Vl.</span> 
     </span>
    </p>

    <p class='ocr_par' dir='ltr' id='par_1_2' title="bbox 147 327 1153 1302">
     <span class='ocr_line' id='line_1_2' title="bbox 200 327 533 428; baseline 0 -17"><span class='ocrx_word' id='word_1_3' title='bbox 200 366 204 374; x_wconf 50' lang='grc' dir='ltr'>Ι</span> <span class='ocrx_word' id='word_1_4' title='bbox 285 327 533 428; x_wconf 36' lang='grc' dir='ltr'>ΛΜΨ-παλ]</span> 
     </span>
     <span class='ocr_line' id='line_1_3' title="bbox 149 429 849 520; baseline 0.011 -36"><span class='ocrx_word' id='word_1_5' title='bbox 149 429 280 503; x_wconf 78' lang='lat' dir='ltr'>Cumque</span> <span class='ocrx_word' id='word_1_6' title='bbox 293 429 432 520; x_wconf 56' lang='lat' dir='ltr'>ffiblilfflss</span> <span class='ocrx_word' id='word_1_7' title='bbox 445 431 575 503; x_wconf 88' lang='lat' dir='ltr'>ducibus,</span> <span class='ocrx_word' id='word_1_8' title='bbox 589 447 726 508; x_wconf 81' lang='lat' dir='ltr'>praesente</span> <span class='ocrx_word' id='word_1_9' title='bbox 740 435 849 507; x_wconf 82' lang='lat' dir='ltr'>meritc,</span> 
     </span>
     <span class='ocr_line' id='line_1_4' title="bbox 150 507 811 586; baseline 0.008 -23"><span class='ocrx_word' id='word_1_10' title='bbox 150 507 215 582; x_wconf 91' lang='lat' dir='ltr'>Ipsa</span> <span class='ocrx_word' id='word_1_11' title='bbox 228 509 303 584; x_wconf 91' lang='lat' dir='ltr'>loqur</span> <span class='ocrx_word' id='word_1_12' title='bbox 319 511 397 567; x_wconf 76' lang='lat' dir='ltr'>rectia</span> <span class='ocrx_word' id='word_1_13' title='bbox 412 511 483 566; x_wconf 84' lang='lat' dir='ltr'>l&#39;acie</span> <span class='ocrx_word' id='word_1_14' title='bbox 498 513 656 586; x_wconf 79' lang='lat' dir='ltr'><strong>strictisque</strong></span> <span class='ocrx_word' id='word_1_15' title='bbox 673 514 811 570; x_wconf 88' lang='lat' dir='ltr'>rnarnillis.</span> 
     </span>
     <span class='ocr_line' id='line_1_5' title="bbox 150 587 798 664; baseline 0.005 -20"><span class='ocrx_word' id='word_1_16' title='bbox 150 587 223 644; x_wconf 79' lang='lat' dir='ltr'>Haec</span> <span class='ocrx_word' id='word_1_17' title='bbox 238 589 337 655; x_wconf 70' lang='lat' dir='ltr'>eadem</span> <span class='ocrx_word' id='word_1_18' title='bbox 353 590 440 664; x_wconf 65' lang='lat' dir='ltr'>nouit,</span> <span class='ocrx_word' id='word_1_19' title='bbox 456 589 522 662; x_wconf 92' lang='lat' dir='ltr'>quid</span> <span class='ocrx_word' id='word_1_20' title='bbox 537 602 594 648; x_wconf 87' lang='lat' dir='ltr'>toto</span> <span class='ocrx_word' id='word_1_21' title='bbox 609 592 657 647; x_wconf 85' lang='lat' dir='ltr'>fiat</span> <span class='ocrx_word' id='word_1_22' title='bbox 671 592 700 646; x_wconf 92' lang='lat' dir='ltr'>in</span> <span class='ocrx_word' id='word_1_23' title='bbox 714 593 798 660; x_wconf 90' lang='lat' dir='ltr'>orhe;</span> 
     </span>
     <span class='ocr_line' id='line_1_6' title="bbox 149 665 958 744; baseline 0.009 -24"><span class='ocrx_word' id='word_1_24' title='bbox 149 665 228 726; x_wconf 73' lang='lat' dir='ltr'>Quid</span> <span class='ocrx_word' id='word_1_25' title='bbox 245 667 338 738; x_wconf 57' lang='lat' dir='ltr'>Sta-ges,</span> <span class='ocrx_word' id='word_1_26' title='bbox 353 667 419 741; x_wconf 92' lang='lat' dir='ltr'>quid</span> <span class='ocrx_word' id='word_1_27' title='bbox 435 667 563 744; x_wconf 65' lang='lat' dir='ltr'>Qaces</span> <span class='ocrx_word' id='word_1_28' title='bbox 578 683 682 743; x_wconf 83' lang='lat' dir='ltr'>agant:</span> <span class='ocrx_word' id='word_1_29' title='bbox 704 682 813 726; x_wconf 88' lang='lat' dir='ltr'>secreta</span> <span class='ocrx_word' id='word_1_30' title='bbox 829 689 958 728; x_wconf 73' lang='lat' dir='ltr'>novercae</span> 
     </span>
     <span class='ocr_line' id='line_1_7' title="bbox 149 743 886 822; baseline 0.007 -22"><span class='ocrx_word' id='word_1_31' title='bbox 149 743 186 800; x_wconf 88' lang='lat' dir='ltr'>Et</span> <span class='ocrx_word' id='word_1_32' title='bbox 200 747 296 820; x_wconf 87' lang='lat' dir='ltr'>pueri:</span> <span class='ocrx_word' id='word_1_33' title='bbox 317 747 380 820; x_wconf 94' lang='lat' dir='ltr'>quis</span> <span class='ocrx_word' id='word_1_34' title='bbox 395 760 478 817; x_wconf 69' lang='lat' dir='ltr'>amet,</span> <span class='ocrx_word' id='word_1_35' title='bbox 492 748 554 822; x_wconf 89' lang='lat' dir='ltr'>quis</span> <span class='ocrx_word' id='word_1_36' title='bbox 568 749 713 822; x_wconf 71' lang='lat' dir='ltr'>diripiatur</span> <span class='ocrx_word' id='word_1_37' title='bbox 728 749 886 805; x_wconf 75' lang='lat' dir='ltr'>adulter.-</span> 
     </span>
     <span class='ocr_line' id='line_1_8' title="bbox 149 801 1104 904; baseline 0.007 -26"><span class='ocrx_word' id='word_1_38' title='bbox 149 821 308 882; x_wconf 89' lang='lat' dir='ltr'>Instantern</span> <span class='ocrx_word' id='word_1_39' title='bbox 323 826 382 904; x_wconf 68' lang='lat' dir='ltr'>regi</span> <span class='ocrx_word' id='word_1_40' title='bbox 397 826 534 882; x_wconf 88' lang='lat' dir='ltr'>Armenio</span> <span class='ocrx_word' id='word_1_41' title='bbox 549 826 707 900; x_wconf 80' lang='lat' dir='ltr'>Parthoque</span> <span class='ocrx_word' id='word_1_42' title='bbox 726 841 856 903; x_wconf 69' lang='lat' dir='ltr'>cometen</span> <span class='ocrx_word' id='word_1_43' title='bbox 917 801 1006 870; x_wconf 42' lang='grc' dir='ltr'>ΚΜ</span> <span class='ocrx_word' id='word_1_44' title='bbox 1022 816 1063 872; x_wconf 65' lang='lat'>55</span> <span class='ocrx_word' id='word_1_45' title='bbox 1102 861 1104 867; x_wconf 94' lang='lat'>·</span> 
     </span>
     <span class='ocr_line' id='line_1_9' title="bbox 149 901 1133 992; baseline 0.004 -34"><span class='ocrx_word' id='word_1_46' title='bbox 149 901 244 960; x_wconf 88' lang='lat' dir='ltr'>Prima</span> <span class='ocrx_word' id='word_1_47' title='bbox 258 905 348 972; x_wconf 86' lang='lat' dir='ltr'>videt;</span> <span class='ocrx_word' id='word_1_48' title='bbox 371 904 473 960; x_wconf 85' lang='lat' dir='ltr'>famam</span> <span class='ocrx_word' id='word_1_49' title='bbox 487 923 668 979; x_wconf 87' lang='lat' dir='ltr'>rumoresque</span> <span class='ocrx_word' id='word_1_50' title='bbox 683 905 730 962; x_wconf 90' lang='lat' dir='ltr'>illa</span> <span class='ocrx_word' id='word_1_51' title='bbox 749 918 878 963; x_wconf 83' lang='lat' dir='ltr'>recentes</span> <span class='ocrx_word' id='word_1_52' title='bbox 978 958 1001 992; x_wconf 34' lang='lat' dir='ltr'>L,</span> <span class='ocrx_word' id='word_1_53' title='bbox 1071 909 1133 974; x_wconf 68' lang='lat'>295</span> 
     </span>
     <span class='ocr_line' id='line_1_10' title="bbox 148 979 1153 1062; baseline 0.004 -24"><span class='ocrx_word' id='word_1_54' title='bbox 148 980 263 1058; x_wconf 75' lang='lat' dir='ltr'>Excipit</span> <span class='ocrx_word' id='word_1_55' title='bbox 275 979 312 1039; x_wconf 62' lang='lat' dir='ltr'>&#39;ad</span> <span class='ocrx_word' id='word_1_56' title='bbox 326 993 436 1057; x_wconf 89' lang='lat' dir='ltr'>portas:</span> <span class='ocrx_word' id='word_1_57' title='bbox 452 984 593 1057; x_wconf 69' lang='lat' dir='ltr'>,quosdam</span> <span class='ocrx_word' id='word_1_58' title='bbox 608 984 682 1040; x_wconf 85' lang='lat' dir='ltr'>facit.</span> <span class='ocrx_word' id='word_1_59' title='bbox 725 983 784 1057; x_wconf 70' lang='lat' dir='ltr'>isse</span> <span class='ocrx_word' id='word_1_60' title='bbox 800 985 955 1060; x_wconf 82' lang='lat' dir='ltr'>Niphatem</span> <span class='ocrx_word' id='word_1_61' title='bbox 969 997 1007 1062; x_wconf 58' lang='lat' dir='ltr'>ft·</span> <span class='ocrx_word' id='word_1_62' title='bbox 1023 1007 1030 1026; x_wconf 65' lang='grc' dir='ltr'><strong><em>ν</em></strong></span> <span class='ocrx_word' id='word_1_63' title='bbox 1123 982 1153 1031; x_wconf 61' lang='grc' dir='ltr'>ἰ</span> 
     </span>
     <span class='ocr_line' id='line_1_11' title="bbox 149 1059 969 1138; baseline 0.006 -22"><span class='ocrx_word' id='word_1_64' title='bbox 149 1059 184 1116; x_wconf 93' lang='lat' dir='ltr'>In</span> <span class='ocrx_word' id='word_1_65' title='bbox 199 1061 327 1137; x_wconf 91' lang='lat' dir='ltr'>populos,</span> <span class='ocrx_word' id='word_1_66' title='bbox 341 1079 500 1138; x_wconf 88' lang='lat' dir='ltr'>magnoque</span> <span class='ocrx_word' id='word_1_67' title='bbox 515 1061 573 1118; x_wconf 86' lang='lat' dir='ltr'>illic</span> <span class='ocrx_word' id='word_1_68' title='bbox 588 1073 692 1118; x_wconf 90' lang='lat' dir='ltr'>cuncta</span> <span class='ocrx_word' id='word_1_69' title='bbox 705 1082 772 1123; x_wconf 88' lang='lat' dir='ltr'>arva</span> <span class='ocrx_word' id='word_1_70' title='bbox 785 1065 876 1122; x_wconf 88' lang='lat' dir='ltr'>teneri</span> <span class='ocrx_word' id='word_1_71' title='bbox 966 1065 969 1072; x_wconf 82' lang='lat'>&#39;</span> 
     </span>
     <span class='ocr_line' id='line_1_12' title="bbox 148 1138 773 1212; baseline 0.005 -17"><span class='ocrx_word' id='word_1_72' title='bbox 148 1138 273 1211; x_wconf 90' lang='lat' dir='ltr'><strong>Diluvio,</strong></span> <span class='ocrx_word' id='word_1_73' title='bbox 288 1152 387 1197; x_wconf 90' lang='lat' dir='ltr'>nutare</span> <span class='ocrx_word' id='word_1_74' title='bbox 401 1140 494 1210; x_wconf 89' lang='lat' dir='ltr'>urbes,</span> <span class='ocrx_word' id='word_1_75' title='bbox 513 1140 660 1197; x_wconf 82' lang='lat' dir='ltr'>subsidere</span> <span class='ocrx_word' id='word_1_76' title='bbox 674 1152 773 1212; x_wconf 78' lang='lat' dir='ltr'>terraS,</span> 
     </span>
     <span class='ocr_line' id='line_1_13' title="bbox 147 1217 1017 1302; baseline 0.002 -24"><span class='ocrx_word' id='word_1_77' title='bbox 147 1217 331 1294; x_wconf 78' lang='lat' dir='ltr'>Quocunque</span> <span class='ocrx_word' id='word_1_78' title='bbox 345 1219 374 1276; x_wconf 91' lang='lat' dir='ltr'>in</span> <span class='ocrx_word' id='word_1_79' title='bbox 388 1219 479 1296; x_wconf 37' lang='grc' dir='ltr'><strong>ἰήνῃ,</strong></span> <span class='ocrx_word' id='word_1_80' title='bbox 493 1221 653 1293; x_wconf 84' lang='lat' dir='ltr'>cuicunque</span> <span class='ocrx_word' id='word_1_81' title='bbox 667 1231 710 1275; x_wconf 89' lang='lat' dir='ltr'>est</span> <span class='ocrx_word' id='word_1_82' title='bbox 724 1221 816 1293; x_wconf 88' lang='lat' dir='ltr'>obvia,</span> <span class='ocrx_word' id='word_1_83' title='bbox 832 1233 935 1280; x_wconf 88' lang='lat' dir='ltr'>narrat.</span> <span class='ocrx_word' id='word_1_84' title='bbox 967 1223 1017 1302; x_wconf 65' lang='lat' dir='ltr'><strong><em>W</em></strong></span> 
     </span>
    </p>

    <p class='ocr_par' dir='ltr' id='par_1_3' title="bbox 146 1295 1215 1926">
     <span class='ocr_line' id='line_1_14' title="bbox 188 1295 1132 1376; baseline 0.006 -22"><span class='ocrx_word' id='word_1_85' title='bbox 188 1297 253 1355; x_wconf 89' lang='lat' dir='ltr'>Nec</span> <span class='ocrx_word' id='word_1_86' title='bbox 266 1309 363 1356; x_wconf 91' lang='lat' dir='ltr'>tamen</span> <span class='ocrx_word' id='word_1_87' title='bbox 377 1297 405 1354; x_wconf 94' lang='lat' dir='ltr'>id</span> <span class='ocrx_word' id='word_1_88' title='bbox 421 1298 519 1354; x_wconf 88' lang='lat' dir='ltr'>vitium</span> <span class='ocrx_word' id='word_1_89' title='bbox 534 1295 624 1372; x_wconf 83' lang='lat' dir='ltr'>magis</span> <span class='ocrx_word' id='word_1_90' title='bbox 638 1298 822 1372; x_wconf 80' lang='lat' dir='ltr'>intolerabile,</span> <span class='ocrx_word' id='word_1_91' title='bbox 837 1299 922 1375; x_wconf 71' lang='lat' dir='ltr'>quim</span> <span class='ocrx_word' id='word_1_92' title='bbox 936 1299 1022 1376; x_wconf 58' lang='lat' dir='ltr'>qudd¹</span> <span class='ocrx_word' id='word_1_93' title='bbox 1072 1303 1132 1360; x_wconf 74' lang='lat'>300</span> 
     </span>
     <span class='ocr_line' id='line_1_15' title="bbox 149 1375 803 1451; baseline 0.002 -18"><span class='ocrx_word' id='word_1_94' title='bbox 149 1375 268 1434; x_wconf 85' lang='lat' dir='ltr'>Vicinos</span> <span class='ocrx_word' id='word_1_95' title='bbox 282 1377 403 1433; x_wconf 88' lang='lat' dir='ltr'>humiles</span> <span class='ocrx_word' id='word_1_96' title='bbox 417 1395 514 1451; x_wconf 87' lang='lat' dir='ltr'>rapere</span> <span class='ocrx_word' id='word_1_97' title='bbox 529 1389 557 1432; x_wconf 89' lang='lat' dir='ltr'>et</span> <span class='ocrx_word' id='word_1_98' title='bbox 571 1377 723 1434; x_wconf 88' lang='lat' dir='ltr'>concidere</span> <span class='ocrx_word' id='word_1_99' title='bbox 736 1377 803 1438; x_wconf 91' lang='lat' dir='ltr'>loris</span> 
     </span>
     <span class='ocr_line' id='line_1_16' title="bbox 149 1453 737 1513; baseline 0.005 -3"><span class='ocrx_word' id='word_1_100' title='bbox 149 1453 272 1513; x_wconf 79' lang='lat' dir='ltr'>Exorata</span> <span class='ocrx_word' id='word_1_101' title='bbox 285 1455 364 1512; x_wconf 89' lang='lat' dir='ltr'>solet.</span> <span class='ocrx_word' id='word_1_102' title='bbox 406 1454 482 1510; x_wconf 89' lang='lat' dir='ltr'>Nam</span> <span class='ocrx_word' id='word_1_103' title='bbox 490 1455 516 1511; x_wconf 87' lang='lat' dir='ltr'>si</span> <span class='ocrx_word' id='word_1_104' title='bbox 530 1455 569 1511; x_wconf 89' lang='lat' dir='ltr'>lat</span> <span class='ocrx_word' id='word_1_105' title='bbox 584 1456 675 1512; x_wconf 88' lang='lat' dir='ltr'>atibus</span> <span class='ocrx_word' id='word_1_106' title='bbox 690 1456 737 1513; x_wconf 91' lang='lat' dir='ltr'>alti</span> 
     </span>
     <span class='ocr_line' id='line_1_17' title="bbox 148 1517 871 1610; baseline 0.006 -20"><span class='ocrx_word' id='word_1_107' title='bbox 148 1533 333 1610; x_wconf 88' lang='lat' dir='ltr'>Rumpuntur</span> <span class='ocrx_word' id='word_1_108' title='bbox 347 1535 438 1591; x_wconf 90' lang='lat' dir='ltr'>somni</span> <span class='ocrx_word' id='word_1_109' title='bbox 450 1553 456 1602; x_wconf 93' lang='grc'><strong>;</strong></span> <span class='ocrx_word' id='word_1_110' title='bbox 479 1517 582 1590; x_wconf 71' lang='lat' dir='ltr'>Fustds</span> <span class='ocrx_word' id='word_1_111' title='bbox 597 1533 757 1606; x_wconf 73' lang='lat' dir='ltr'>hacconis,</span> <span class='ocrx_word' id='word_1_112' title='bbox 772 1536 871 1610; x_wconf 91' lang='lat' dir='ltr'>inquit,</span> 
     </span>
     <span class='ocr_line' id='line_1_18' title="bbox 148 1612 1215 1688; baseline 0.005 -20"><span class='ocrx_word' id='word_1_113' title='bbox 148 1613 267 1685; x_wconf 83' lang='lat' dir='ltr'>Afferte,</span> <span class='ocrx_word' id='word_1_114' title='bbox 282 1625 365 1688; x_wconf 87' lang='lat' dir='ltr'>atque</span> <span class='ocrx_word' id='word_1_115' title='bbox 380 1613 436 1669; x_wconf 89' lang='lat' dir='ltr'>illis</span> <span class='ocrx_word' id='word_1_116' title='bbox 449 1613 597 1669; x_wconf 89' lang='lat' dir='ltr'>dominum</span> <span class='ocrx_word' id='word_1_117' title='bbox 608 1613 689 1688; x_wconf 84' lang='lat' dir='ltr'>jubet</span> <span class='ocrx_word' id='word_1_118' title='bbox 703 1612 769 1671; x_wconf 73' lang='lat' dir='ltr'>autb</span> <span class='ocrx_word' id='word_1_119' title='bbox 787 1617 873 1688; x_wconf 84' lang='lat' dir='ltr'>feriri,</span> <span class='ocrx_word' id='word_1_120' title='bbox 1198 1657 1215 1682; x_wconf 35' lang='grc' dir='ltr'>,θ</span> 
     </span>
     <span class='ocr_line' id='line_1_19' title="bbox 147 1691 1186 1768; baseline 0.007 -20"><span class='ocrx_word' id='word_1_121' title='bbox 147 1691 260 1748; x_wconf 92' lang='lat' dir='ltr'>Deinde</span> <span class='ocrx_word' id='word_1_122' title='bbox 271 1710 380 1749; x_wconf 89' lang='lat' dir='ltr'>canem.</span> <span class='ocrx_word' id='word_1_123' title='bbox 422 1692 522 1750; x_wconf 86' lang='lat' dir='ltr'>Gravis</span> <span class='ocrx_word' id='word_1_124' title='bbox 535 1710 667 1762; x_wconf 89' lang='lat' dir='ltr'>occursu,</span> <span class='ocrx_word' id='word_1_125' title='bbox 682 1694 824 1750; x_wconf 88' lang='lat' dir='ltr'>teterrima</span> <span class='ocrx_word' id='word_1_126' title='bbox 838 1696 934 1768; x_wconf 83' lang='lat' dir='ltr'>vultu,¹</span> <span class='ocrx_word' id='word_1_127' title='bbox 1016 1747 1018 1752; x_wconf 93' lang='lat'><em>.</em></span> <span class='ocrx_word' id='word_1_128' title='bbox 1071 1698 1186 1766; x_wconf 58' lang='lat' dir='ltr'>llllbspr&#39;</span> 
     </span>
     <span class='ocr_line' id='line_1_20' title="bbox 147 1770 1130 1845; baseline 0.002 -18"><span class='ocrx_word' id='word_1_129' title='bbox 147 1770 255 1828; x_wconf 85' lang='lat' dir='ltr'>Balnea</span> <span class='ocrx_word' id='word_1_130' title='bbox 268 1783 352 1829; x_wconf 91' lang='lat' dir='ltr'>nocte</span> <span class='ocrx_word' id='word_1_131' title='bbox 366 1772 461 1842; x_wconf 87' lang='lat' dir='ltr'>subit·;</span> <span class='ocrx_word' id='word_1_132' title='bbox 481 1771 605 1827; x_wconf 89' lang='lat' dir='ltr'>conchas</span> <span class='ocrx_word' id='word_1_133' title='bbox 618 1782 647 1827; x_wconf 92' lang='lat' dir='ltr'>et</span> <span class='ocrx_word' id='word_1_134' title='bbox 661 1783 753 1830; x_wconf 89' lang='lat' dir='ltr'>castra</span> <span class='ocrx_word' id='word_1_135' title='bbox 767 1775 871 1830; x_wconf 86' lang='lat' dir='ltr'>moveri</span> <span class='ocrx_word' id='word_1_136' title='bbox 1013 1773 1052 1845; x_wconf 55' lang='lat' dir='ltr'>“a</span> <span class='ocrx_word' id='word_1_137' title='bbox 1090 1801 1097 1809; x_wconf 91' lang='lat'>·</span> <span class='ocrx_word' id='word_1_138' title='bbox 1112 1807 1130 1837; x_wconf 61' lang='grc' dir='ltr'>,ι</span> 
     </span>
     <span class='ocr_line' id='line_1_21' title="bbox 146 1835 1113 1926; baseline 0.001 -20"><span class='ocrx_word' id='word_1_139' title='bbox 146 1848 241 1906; x_wconf 89' lang='lat' dir='ltr'>Nocte</span> <span class='ocrx_word' id='word_1_140' title='bbox 252 1849 349 1926; x_wconf 82' lang='lat' dir='ltr'>jubet3</span> <span class='ocrx_word' id='word_1_141' title='bbox 371 1868 474 1926; x_wconf 84' lang='lat' dir='ltr'>magno</span> <span class='ocrx_word' id='word_1_142' title='bbox 487 1849 593 1924; x_wconf 86' lang='lat' dir='ltr'>gaudet</span> <span class='ocrx_word' id='word_1_143' title='bbox 606 1851 708 1906; x_wconf 85' lang='lat' dir='ltr'>sudare</span> <span class='ocrx_word' id='word_1_144' title='bbox 722 1853 854 1923; x_wconf 86' lang='lat' dir='ltr'>tumultu,</span> <span class='ocrx_word' id='word_1_145' title='bbox 1064 1845 1082 1926; x_wconf 56' lang='grc' dir='ltr'>ξι</span> <span class='ocrx_word' id='word_1_146' title='bbox 1097 1835 1113 1876; x_wconf 57' lang='lat'><em>7</em></span> 
     </span>
    </p>
   </div>
   <div class='ocr_carea' id='block_1_2' title="bbox 1194 1531 1323 1662">
    <p class='ocr_par' dir='ltr' id='par_1_4' title="bbox 1194 1531 1323 1662">
     <span class='ocr_line' id='line_1_22' title="bbox 1236 1531 1323 1590; baseline 0 0"><span class='ocrx_word' id='word_1_147' title='bbox 1236 1531 1263 1590; x_wconf 53' lang='lat' dir='ltr'>up</span> <span class='ocrx_word' id='word_1_148' title='bbox 1322 1575 1323 1580; x_wconf 54' lang='lat'>¹</span> 
     </span>
     <span class='ocr_line' id='line_1_23' title="bbox 1194 1599 1230 1628; baseline 0 0"><span class='ocrx_word' id='word_1_149' title='bbox 1194 1599 1230 1628; x_wconf 63' lang='grc' dir='ltr'>’ἰ</span> 
     </span>
     <span class='ocr_line' id='line_1_24' title="bbox 1196 1639 1207 1662; baseline 0 -18"><span class='ocrx_word' id='word_1_150' title='bbox 1196 1639 1207 1662; x_wconf 53' lang='grc' dir='ltr'>Γ</span> 
     </span>
    </p>
   </div>
   <div class='ocr_carea' id='block_1_3' title="bbox 145 1927 1014 2082">
    <p class='ocr_par' dir='ltr' id='par_1_5' title="bbox 145 1927 1085 2082">
     <span class='ocr_line' id='line_1_25' title="bbox 145 1927 971 2004; baseline -0.002 -16"><span class='ocrx_word' id='word_1_151' title='bbox 145 1927 246 1988; x_wconf 79' lang='lat' dir='ltr'>Quum</span> <span class='ocrx_word' id='word_1_152' title='bbox 261 1929 449 2004; x_wconf 81' lang='lat' dir='ltr'>lassatagravi</span> <span class='ocrx_word' id='word_1_153' title='bbox 463 1929 628 1986; x_wconf 88' lang='lat' dir='ltr'>ceciderunt</span> <span class='ocrx_word' id='word_1_154' title='bbox 643 1929 758 1985; x_wconf 88' lang='lat' dir='ltr'>brachia</span> <span class='ocrx_word' id='word_1_155' title='bbox 772 1932 915 1988; x_wconf 62' lang='lat' dir='ltr'>masad-</span> <span class='ocrx_word' id='word_1_156' title='bbox 969 1993 971 2002; x_wconf 37' lang='grc' dir='ltr'>Ι</span> 
     </span>
     <span class='ocr_line' id='line_1_26' title="bbox 147 2007 1014 2082; baseline -0.001 -19"><span class='ocrx_word' id='word_1_157' title='bbox 147 2007 282 2065; x_wconf 73' lang='lat' dir='ltr'>Conviva</span> <span class='ocrx_word' id='word_1_158' title='bbox 294 2007 389 2064; x_wconf 90' lang='lat' dir='ltr'>miseri</span> <span class='ocrx_word' id='word_1_159' title='bbox 404 2008 510 2064; x_wconf 90' lang='lat' dir='ltr'>interea</span> <span class='ocrx_word' id='word_1_160' title='bbox 524 2026 678 2081; x_wconf 89' lang='lat' dir='ltr'>somnoque</span> <span class='ocrx_word' id='word_1_161' title='bbox 694 2007 822 2082; x_wconf 81' lang='lat' dir='ltr'>fameque</span> <span class='ocrx_word' id='word_1_162' title='bbox 968 2007 975 2062; x_wconf 91' lang='lat' dir='ltr'>l</span> <span class='ocrx_word' id='word_1_163' title='bbox 1000 2018 1014 2042; x_wconf 62' lang='lat'><em>³</em></span> 
     </span>
    </p>
   </div>
   <div class='ocr_carea' id='block_1_4' title="bbox 21 2064 1130 2224">
    <p class='ocr_par' dir='ltr' id='par_1_6' title="bbox 21 2064 1130 2224">
     <span class='ocr_line' id='line_1_27' title="bbox 21 2064 1130 2224; baseline -0.003 -78"><span class='ocrx_word' id='word_1_164' title='bbox 21 2115 48 2185; x_wconf 40' lang='lat' dir='ltr'>,p</span> <span class='ocrx_word' id='word_1_165' title='bbox 56 2086 318 2224; x_wconf 37' lang='lat' dir='ltr'>pwssqgssur.</span> <span class='ocrx_word' id='word_1_166' title='bbox 360 2086 494 2144; x_wconf 88' lang='lat' dir='ltr'>Tandem</span> <span class='ocrx_word' id='word_1_167' title='bbox 508 2084 555 2142; x_wconf 89' lang='lat' dir='ltr'>illa</span> <span class='ocrx_word' id='word_1_168' title='bbox 569 2086 645 2141; x_wconf 87' lang='lat' dir='ltr'>venit</span> <span class='ocrx_word' id='word_1_169' title='bbox 659 2086 856 2158; x_wconf 72' lang='lat' dir='ltr'>rubicundula,</span> <span class='ocrx_word' id='word_1_170' title='bbox 870 2099 960 2145; x_wconf 86' lang='lat' dir='ltr'>totum</span> <span class='ocrx_word' id='word_1_171' title='bbox 974 2064 1000 2144; x_wconf 48' lang='lat' dir='ltr'>b</span> <span class='ocrx_word' id='word_1_172' title='bbox 1071 2091 1130 2149; x_wconf 79' lang='lat'>310</span> 
     </span>
    </p>
   </div>
   <div class='ocr_carea' id='block_1_5' title="bbox 24 2165 1177 3898">
    <p class='ocr_par' dir='ltr' id='par_1_7' title="bbox 24 2165 1177 3898">
     <span class='ocr_line' id='line_1_28' title="bbox 191 2165 873 2240; baseline -0.003 -17"><span class='ocrx_word' id='word_1_173' title='bbox 191 2185 246 2240; x_wconf 93' lang='lat' dir='ltr'>nop</span> <span class='ocrx_word' id='word_1_174' title='bbox 265 2184 347 2223; x_wconf 89' lang='lat' dir='ltr'>orum</span> <span class='ocrx_word' id='word_1_175' title='bbox 361 2165 468 2236; x_wconf 87' lang='lat' dir='ltr'>sitiens,</span> <span class='ocrx_word' id='word_1_176' title='bbox 479 2165 563 2240; x_wconf 71' lang='lat' dir='ltr'>plena</span> <span class='ocrx_word' id='word_1_177' title='bbox 577 2166 651 2240; x_wconf 89' lang='lat' dir='ltr'>quod</span> <span class='ocrx_word' id='word_1_178' title='bbox 665 2165 790 2226; x_wconf 85' lang='lat' dir='ltr'>tenditur</span> <span class='ocrx_word' id='word_1_179' title='bbox 801 2167 873 2224; x_wconf 73' lang='lat' dir='ltr'>urna</span> 
     </span>
     <span class='ocr_line' id='line_1_29' title="bbox 146 2241 800 2320; baseline 0.002 -20"><span class='ocrx_word' id='word_1_180' title='bbox 146 2245 303 2302; x_wconf 89' lang='lat' dir='ltr'>Admotum</span> <span class='ocrx_word' id='word_1_181' title='bbox 318 2244 446 2320; x_wconf 90' lang='lat' dir='ltr'>pedibus,</span> <span class='ocrx_word' id='word_1_182' title='bbox 461 2245 496 2301; x_wconf 90' lang='lat' dir='ltr'>de</span> <span class='ocrx_word' id='word_1_183' title='bbox 511 2241 566 2318; x_wconf 89' lang='lat' dir='ltr'>quo</span> <span class='ocrx_word' id='word_1_184' title='bbox 580 2244 717 2303; x_wconf 84' lang='lat' dir='ltr'>seritarius</span> <span class='ocrx_word' id='word_1_185' title='bbox 731 2245 800 2301; x_wconf 84' lang='lat' dir='ltr'>alter</span> 
     </span>
     <span class='ocr_line' id='line_1_30' title="bbox 145 2319 1177 2402; baseline -0.003 -23"><span class='ocrx_word' id='word_1_186' title='bbox 145 2319 270 2381; x_wconf 81' lang='lat' dir='ltr'>Ducitur¹</span> <span class='ocrx_word' id='word_1_187' title='bbox 282 2333 348 2383; x_wconf 85' lang='lat' dir='ltr'>arite</span> <span class='ocrx_word' id='word_1_188' title='bbox 363 2323 468 2394; x_wconf 88' lang='lat' dir='ltr'>cibum,</span> <span class='ocrx_word' id='word_1_189' title='bbox 483 2323 610 2380; x_wconf 86' lang='lat' dir='ltr'>rabidam</span> <span class='ocrx_word' id='word_1_190' title='bbox 626 2323 750 2380; x_wconf 86' lang='lat' dir='ltr'>facturus</span> <span class='ocrx_word' id='word_1_191' title='bbox 763 2325 880 2402; x_wconf 57' lang='lat' dir='ltr'>oronim.</span> <span class='ocrx_word' id='word_1_192' title='bbox 898 2332 934 2374; x_wconf 57' lang='grc' dir='ltr'>Ὗ·</span> <span class='ocrx_word' id='word_1_193' title='bbox 955 2343 1009 2376; x_wconf 51' lang='lat' dir='ltr'>aaa</span> <span class='ocrx_word' id='word_1_194' title='bbox 1059 2341 1092 2362; x_wconf 54' lang='grc' dir='ltr'><strong>ν</strong></span> <span class='ocrx_word' id='word_1_195' title='bbox 1123 2340 1129 2351; x_wconf 62' lang='grc'><strong>“</strong></span> <span class='ocrx_word' id='word_1_196' title='bbox 1168 2345 1177 2352; x_wconf 60' lang='lat'><strong><em>„</em></strong></span> 
     </span>
     <span class='ocr_line' id='line_1_31' title="bbox 146 2393 792 2474; baseline 0 -15"><span class='ocrx_word' id='word_1_197' title='bbox 146 2401 224 2459; x_wconf 89' lang='lat' dir='ltr'>Duru</span> <span class='ocrx_word' id='word_1_198' title='bbox 239 2403 312 2460; x_wconf 88' lang='lat' dir='ltr'>redit</span> <span class='ocrx_word' id='word_1_199' title='bbox 325 2413 354 2459; x_wconf 89' lang='lat' dir='ltr'>et</span> <span class='ocrx_word' id='word_1_200' title='bbox 367 2402 425 2470; x_wconf 85' lang='lat' dir='ltr'>loto</span> <span class='ocrx_word' id='word_1_201' title='bbox 437 2393 619 2466; x_wconf 63' lang='lat' dir='ltr'>terrffilerit</span> <span class='ocrx_word' id='word_1_202' title='bbox 631 2399 792 2474; x_wconf 54' lang='lat' dir='ltr'>intestinos</span> 
     </span>
     <span class='ocr_line' id='line_1_32' title="bbox 145 2471 1127 2557; baseline 0.002 -20"><span class='ocrx_word' id='word_1_203' title='bbox 145 2479 337 2539; x_wconf 89' lang='lat' dir='ltr'>Maimoribus</span> <span class='ocrx_word' id='word_1_204' title='bbox 350 2481 402 2537; x_wconf 90' lang='lat' dir='ltr'>rivi</span> <span class='ocrx_word' id='word_1_205' title='bbox 416 2471 576 2557; x_wconf 83' lang='lat' dir='ltr'>properant,</span> <span class='ocrx_word' id='word_1_206' title='bbox 592 2493 640 2538; x_wconf 90' lang='lat' dir='ltr'>aut</span> <span class='ocrx_word' id='word_1_207' title='bbox 654 2480 709 2537; x_wconf 86' lang='lat' dir='ltr'>la&#39;ta</span> <span class='ocrx_word' id='word_1_208' title='bbox 724 2481 880 2539; x_wconf 83' lang='lat' dir='ltr'>Falernum</span> <span class='ocrx_word' id='word_1_209' title='bbox 1070 2485 1127 2544; x_wconf 82' lang='lat'>315</span> 
     </span>
     <span class='ocr_line' id='line_1_33' title="bbox 144 2553 939 2638; baseline 0.003 -22"><span class='ocrx_word' id='word_1_210' title='bbox 144 2553 238 2618; x_wconf 81' lang='lat' dir='ltr'>Pelvis</span> <span class='ocrx_word' id='word_1_211' title='bbox 250 2561 324 2618; x_wconf 89' lang='lat' dir='ltr'>olet:</span> <span class='ocrx_word' id='word_1_212' title='bbox 345 2555 412 2616; x_wconf 84' lang='lat' dir='ltr'>nain</span> <span class='ocrx_word' id='word_1_213' title='bbox 426 2559 478 2632; x_wconf 90' lang='lat' dir='ltr'>sic,</span> <span class='ocrx_word' id='word_1_214' title='bbox 492 2572 625 2635; x_wconf 88' lang='lat' dir='ltr'>tanquam</span> <span class='ocrx_word' id='word_1_215' title='bbox 639 2559 695 2616; x_wconf 87' lang='lat' dir='ltr'>alta</span> <span class='ocrx_word' id='word_1_216' title='bbox 706 2559 735 2616; x_wconf 93' lang='lat' dir='ltr'>iu</span> <span class='ocrx_word' id='word_1_217' title='bbox 750 2561 825 2618; x_wconf 86' lang='lat' dir='ltr'>dolia</span> <span class='ocrx_word' id='word_1_218' title='bbox 838 2562 939 2638; x_wconf 82' lang='lat' dir='ltr'>longus</span> 
     </span>
     <span class='ocr_line' id='line_1_34' title="bbox 144 2637 919 2714; baseline 0.001 -18"><span class='ocrx_word' id='word_1_219' title='bbox 144 2637 293 2713; x_wconf 86' lang='lat' dir='ltr'>Deciderit</span> <span class='ocrx_word' id='word_1_220' title='bbox 306 2658 431 2714; x_wconf 76' lang='lat' dir='ltr'>serpena,</span> <span class='ocrx_word' id='word_1_221' title='bbox 447 2639 518 2704; x_wconf 90' lang='lat' dir='ltr'>bibit</span> <span class='ocrx_word' id='word_1_222' title='bbox 531 2651 559 2696; x_wconf 90' lang='lat' dir='ltr'>et</span> <span class='ocrx_word' id='word_1_223' title='bbox 573 2639 666 2696; x_wconf 86' lang='lat' dir='ltr'>vomit.</span> <span class='ocrx_word' id='word_1_224' title='bbox 708 2638 785 2714; x_wconf 79' lang='lat' dir='ltr'>Ergo</span> <span class='ocrx_word' id='word_1_225' title='bbox 801 2641 919 2698; x_wconf 90' lang='lat' dir='ltr'>maritus</span> 
     </span>
     <span class='ocr_line' id='line_1_35' title="bbox 144 2717 890 2794; baseline 0 -20"><span class='ocrx_word' id='word_1_226' title='bbox 144 2717 282 2790; x_wconf 86' lang='lat' dir='ltr'>Nauseat,</span> <span class='ocrx_word' id='word_1_227' title='bbox 297 2729 380 2793; x_wconf 91' lang='lat' dir='ltr'>atque</span> <span class='ocrx_word' id='word_1_228' title='bbox 394 2717 484 2774; x_wconf 92' lang='lat' dir='ltr'>oculis</span> <span class='ocrx_word' id='word_1_229' title='bbox 499 2718 584 2774; x_wconf 88' lang='lat' dir='ltr'>bilem</span> <span class='ocrx_word' id='word_1_230' title='bbox 598 2718 764 2792; x_wconf 82' lang='lat' dir='ltr'>substringit</span> <span class='ocrx_word' id='word_1_231' title='bbox 777 2721 890 2794; x_wconf 88' lang='lat' dir='ltr'>opertis.</span> 
     </span>
     <span class='ocr_line' id='line_1_36' title="bbox 184 2796 970 2874; baseline 0.005 -22"><span class='ocrx_word' id='word_1_232' title='bbox 184 2796 238 2854; x_wconf 91' lang='lat' dir='ltr'>Illa</span> <span class='ocrx_word' id='word_1_233' title='bbox 251 2809 347 2854; x_wconf 90' lang='lat' dir='ltr'>tamen</span> <span class='ocrx_word' id='word_1_234' title='bbox 362 2797 481 2871; x_wconf 85' lang='lat' dir='ltr'>gravior,</span> <span class='ocrx_word' id='word_1_235' title='bbox 495 2815 568 2871; x_wconf 77' lang='lat' dir='ltr'>quae,</span> <span class='ocrx_word' id='word_1_236' title='bbox 580 2815 666 2872; x_wconf 90' lang='lat' dir='ltr'>quum</span> <span class='ocrx_word' id='word_1_237' title='bbox 681 2797 859 2855; x_wconf 91' lang='lat' dir='ltr'>discumbere</span> <span class='ocrx_word' id='word_1_238' title='bbox 874 2811 970 2874; x_wconf 83' lang='lat' dir='ltr'>coeprt,</span> 
     </span>
     <span class='ocr_line' id='line_1_37' title="bbox 35 2874 1040 2954; baseline 0 -22"><span class='ocrx_word' id='word_1_239' title='bbox 35 2923 45 2941; x_wconf 59' lang='lat'>,</span> <span class='ocrx_word' id='word_1_240' title='bbox 77 2907 80 2912; x_wconf 94' lang='lat'>·</span> <span class='ocrx_word' id='word_1_241' title='bbox 143 2874 257 2932; x_wconf 84' lang='lat' dir='ltr'>Laudat</span> <span class='ocrx_word' id='word_1_242' title='bbox 270 2875 432 2951; x_wconf 86' lang='lat' dir='ltr'>Virgilium,</span> <span class='ocrx_word' id='word_1_243' title='bbox 446 2875 577 2950; x_wconf 83' lang='lat' dir='ltr'>periturae</span> <span class='ocrx_word' id='word_1_244' title='bbox 590 2875 711 2950; x_wconf 88' lang='lat' dir='ltr'>ignoscit</span> <span class='ocrx_word' id='word_1_245' title='bbox 725 2875 835 2947; x_wconf 83' lang='lat' dir='ltr'>Elissae,</span> <span class='ocrx_word' id='word_1_246' title='bbox 962 2937 970 2954; x_wconf 30' lang='lat'>⁸</span> <span class='ocrx_word' id='word_1_247' title='bbox 1034 2945 1040 2954; x_wconf 31' lang='grc' dir='ltr'><em>Ι</em></span> 
     </span>
     <span class='ocr_line' id='line_1_38' title="bbox 24 2902 1038 3056; baseline -0.001 -44"><span class='ocrx_word' id='word_1_248' title='bbox 24 2943 121 3029; x_wconf 52' lang='lat' dir='ltr'>[we</span> <span class='ocrx_word' id='word_1_249' title='bbox 143 2955 304 3029; x_wconf 58' lang='lat' dir='ltr'>annaittit</span> <span class='ocrx_word' id='word_1_250' title='bbox 318 2965 394 3012; x_wconf 82' lang='lat' dir='ltr'>vates</span> <span class='ocrx_word' id='word_1_251' title='bbox 407 2965 436 3010; x_wconf 92' lang='lat' dir='ltr'>et</span> <span class='ocrx_word' id='word_1_252' title='bbox 448 2965 591 3029; x_wconf 89' lang='lat' dir='ltr'>comparat</span> <span class='ocrx_word' id='word_1_253' title='bbox 603 2973 610 3022; x_wconf 91' lang='lat'><strong>;</strong></span> <span class='ocrx_word' id='word_1_254' title='bbox 632 2955 698 3010; x_wconf 91' lang='lat' dir='ltr'>iude</span> <span class='ocrx_word' id='word_1_255' title='bbox 712 2953 793 3012; x_wconf 86' lang='lat' dir='ltr'>Maro</span> <span class='ocrx_word' id='word_1_256' title='bbox 864 3002 871 3028; x_wconf 86' lang='lat'>,</span> <span class='ocrx_word' id='word_1_257' title='bbox 900 2902 1038 3056; x_wconf 49' lang='grc' dir='ltr'>ᾔμῗλ</span> 
     </span>
     <span class='ocr_line' id='line_1_39' title="bbox 143 3031 903 3108; baseline -0.001 -16"><span class='ocrx_word' id='word_1_258' title='bbox 143 3036 239 3108; x_wconf 88' lang='lat' dir='ltr'>Atque</span> <span class='ocrx_word' id='word_1_259' title='bbox 254 3034 309 3091; x_wconf 76' lang='lat' dir='ltr'>aliia</span> <span class='ocrx_word' id='word_1_260' title='bbox 320 3043 398 3108; x_wconf 83' lang='lat' dir='ltr'>parte</span> <span class='ocrx_word' id='word_1_261' title='bbox 412 3031 441 3090; x_wconf 93' lang='lat' dir='ltr'>in</span> <span class='ocrx_word' id='word_1_262' title='bbox 455 3033 563 3092; x_wconf 73' lang='lat' dir='ltr'>trutina</span> <span class='ocrx_word' id='word_1_263' title='bbox 577 3033 723 3108; x_wconf 86' lang='lat' dir='ltr'>suspendit</span> <span class='ocrx_word' id='word_1_264' title='bbox 737 3033 903 3092; x_wconf 89' lang='lat' dir='ltr'>Homerum.</span> 
     </span>
     <span class='ocr_line' id='line_1_40' title="bbox 143 3111 881 3188; baseline -0.001 -17"><span class='ocrx_word' id='word_1_265' title='bbox 143 3113 260 3171; x_wconf 68' lang='lat' dir='ltr'>(edunt</span> <span class='ocrx_word' id='word_1_266' title='bbox 273 3111 460 3188; x_wconf 85' lang='lat' dir='ltr'>grammatici,</span> <span class='ocrx_word' id='word_1_267' title='bbox 475 3111 626 3168; x_wconf 89' lang='lat' dir='ltr'>vincuntur</span> <span class='ocrx_word' id='word_1_268' title='bbox 640 3113 774 3184; x_wconf 85' lang='lat' dir='ltr'>rhetores,</span> <span class='ocrx_word' id='word_1_269' title='bbox 788 3112 881 3170; x_wconf 89' lang='lat' dir='ltr'>omnis</span> 
     </span>
     <span class='ocr_line' id='line_1_41' title="bbox 71 3190 942 3267; baseline 0 -17"><span class='ocrx_word' id='word_1_270' title='bbox 71 3194 81 3212; x_wconf 71' lang='lat'><em>⁶</em></span> <span class='ocrx_word' id='word_1_271' title='bbox 143 3191 165 3250; x_wconf 90' lang='lat' dir='ltr'>&#39;l</span> <span class='ocrx_word' id='word_1_272' title='bbox 176 3192 245 3248; x_wconf 90' lang='lat' dir='ltr'>urba</span> <span class='ocrx_word' id='word_1_273' title='bbox 259 3203 350 3259; x_wconf 88' lang='lat' dir='ltr'>tacet;</span> <span class='ocrx_word' id='word_1_274' title='bbox 372 3209 427 3246; x_wconf 91' lang='lat' dir='ltr'>nec</span> <span class='ocrx_word' id='word_1_275' title='bbox 441 3190 612 3266; x_wconf 60' lang='lat' dir='ltr'>Qlde-ss,</span> <span class='ocrx_word' id='word_1_276' title='bbox 627 3210 681 3247; x_wconf 91' lang='lat' dir='ltr'>uec</span> <span class='ocrx_word' id='word_1_277' title='bbox 695 3210 789 3266; x_wconf 78' lang='lat' dir='ltr'>praeco</span> <span class='ocrx_word' id='word_1_278' title='bbox 803 3191 942 3267; x_wconf 89' lang='lat' dir='ltr'>loquatur,</span> 
     </span>
     <span class='ocr_line' id='line_1_42' title="bbox 142 3255 1126 3342; baseline 0.002 -14"><span class='ocrx_word' id='word_1_279' title='bbox 142 3271 244 3329; x_wconf 88' lang='lat' dir='ltr'>Altera</span> <span class='ocrx_word' id='word_1_280' title='bbox 258 3289 312 3326; x_wconf 91' lang='lat' dir='ltr'>nec</span> <span class='ocrx_word' id='word_1_281' title='bbox 327 3269 444 3338; x_wconf 83' lang='lat' dir='ltr'>mulier3</span> <span class='ocrx_word' id='word_1_282' title='bbox 466 3269 613 3326; x_wconf 86' lang='lat' dir='ltr'>verborum</span> <span class='ocrx_word' id='word_1_283' title='bbox 627 3255 794 3326; x_wconf 56' lang='lat' dir='ltr'>taniaciffi</span> <span class='ocrx_word' id='word_1_284' title='bbox 810 3270 861 3342; x_wconf 80' lang='lat' dir='ltr'>ris,</span> <span class='ocrx_word' id='word_1_285' title='bbox 1067 3273 1126 3330; x_wconf 73' lang='lat'>825</span> 
     </span>
     <span class='ocr_line' id='line_1_43' title="bbox 142 3348 791 3424; baseline -0.003 -18"><span class='ocrx_word' id='word_1_286' title='bbox 142 3349 202 3406; x_wconf 84' lang='lat' dir='ltr'>Tot</span> <span class='ocrx_word' id='word_1_287' title='bbox 215 3349 320 3424; x_wconf 87' lang='lat' dir='ltr'>pariter</span> <span class='ocrx_word' id='word_1_288' title='bbox 335 3348 438 3424; x_wconf 89' lang='lat' dir='ltr'>pelves,</span> <span class='ocrx_word' id='word_1_289' title='bbox 453 3359 494 3405; x_wconf 88' lang='lat' dir='ltr'>tot</span> <span class='ocrx_word' id='word_1_290' title='bbox 508 3348 699 3406; x_wconf 89' lang='lat' dir='ltr'>tintinnabula</span> <span class='ocrx_word' id='word_1_291' title='bbox 712 3349 791 3417; x_wconf 72' lang='lat' dir='ltr'>d³oas</span> 
     </span>
     <span class='ocr_line' id='line_1_44' title="bbox 143 3416 876 3504; baseline 0 -18"><span class='ocrx_word' id='word_1_292' title='bbox 143 3429 262 3486; x_wconf 85' lang='lat' dir='ltr'>Pulsari.</span> <span class='ocrx_word' id='word_1_293' title='bbox 305 3427 371 3484; x_wconf 91' lang='lat' dir='ltr'>Jam</span> <span class='ocrx_word' id='word_1_294' title='bbox 386 3446 470 3484; x_wconf 90' lang='lat' dir='ltr'>nemo</span> <span class='ocrx_word' id='word_1_295' title='bbox 483 3429 575 3498; x_wconf 88' lang='lat' dir='ltr'>tubas,</span> <span class='ocrx_word' id='word_1_296' title='bbox 590 3447 674 3484; x_wconf 91' lang='lat' dir='ltr'>nemo</span> <span class='ocrx_word' id='word_1_297' title='bbox 689 3416 876 3504; x_wconf 61' lang='lat' dir='ltr'>aeraliitiget:</span> 
     </span>
     <span class='ocr_line' id='line_1_45' title="bbox 143 3505 752 3582; baseline -0.007 -16"><span class='ocrx_word' id='word_1_298' title='bbox 143 3507 208 3566; x_wconf 92' lang='lat' dir='ltr'>Una</span> <span class='ocrx_word' id='word_1_299' title='bbox 222 3505 360 3564; x_wconf 89' lang='lat' dir='ltr'>laboranti</span> <span class='ocrx_word' id='word_1_300' title='bbox 374 3507 475 3582; x_wconf 90' lang='lat' dir='ltr'>poterit</span> <span class='ocrx_word' id='word_1_301' title='bbox 489 3524 655 3562; x_wconf 85' lang='lat' dir='ltr'>succurrere</span> <span class='ocrx_word' id='word_1_302' title='bbox 668 3507 752 3562; x_wconf 68' lang='lat' dir='ltr'>lunae.</span> 
     </span>
     <span class='ocr_line' id='line_1_46' title="bbox 182 3585 821 3661; baseline 0 -19"><span class='ocrx_word' id='word_1_303' title='bbox 182 3586 307 3661; x_wconf 87' lang='lat' dir='ltr'>lmponit</span> <span class='ocrx_word' id='word_1_304' title='bbox 322 3585 408 3642; x_wconf 87' lang='lat' dir='ltr'>finem</span> <span class='ocrx_word' id='word_1_305' title='bbox 422 3585 534 3660; x_wconf 88' lang='lat' dir='ltr'>sapiens</span> <span class='ocrx_word' id='word_1_306' title='bbox 548 3596 576 3640; x_wconf 89' lang='lat' dir='ltr'>et</span> <span class='ocrx_word' id='word_1_307' title='bbox 590 3586 674 3640; x_wconf 89' lang='lat' dir='ltr'>rebus</span> <span class='ocrx_word' id='word_1_308' title='bbox 689 3586 821 3642; x_wconf 87' lang='lat' dir='ltr'>honestis.</span> 
     </span>
     <span class='ocr_line' id='line_1_47' title="bbox 141 3663 1130 3739; baseline -0.003 -14"><span class='ocrx_word' id='word_1_309' title='bbox 141 3665 219 3725; x_wconf 90' lang='lat' dir='ltr'>Nam</span> <span class='ocrx_word' id='word_1_310' title='bbox 234 3683 297 3739; x_wconf 87' lang='lat' dir='ltr'>quae</span> <span class='ocrx_word' id='word_1_311' title='bbox 310 3665 395 3720; x_wconf 93' lang='lat' dir='ltr'>docta</span> <span class='ocrx_word' id='word_1_312' title='bbox 408 3663 492 3720; x_wconf 91' lang='lat' dir='ltr'>nimis</span> <span class='ocrx_word' id='word_1_313' title='bbox 507 3664 585 3738; x_wconf 90' lang='lat' dir='ltr'>cupit</span> <span class='ocrx_word' id='word_1_314' title='bbox 598 3674 626 3720; x_wconf 89' lang='lat' dir='ltr'>et</span> <span class='ocrx_word' id='word_1_315' title='bbox 640 3663 762 3720; x_wconf 87' lang='lat' dir='ltr'>facunda</span> <span class='ocrx_word' id='word_1_316' title='bbox 777 3665 875 3739; x_wconf 88' lang='lat' dir='ltr'>videri,</span> <span class='ocrx_word' id='word_1_317' title='bbox 1067 3665 1130 3722; x_wconf 76' lang='grc'>330</span> 
     </span>
     <span class='ocr_line' id='line_1_48' title="bbox 141 3743 885 3817; baseline 0 -15"><span class='ocrx_word' id='word_1_318' title='bbox 141 3746 235 3802; x_wconf 85' lang='lat' dir='ltr'>Crurc</span> <span class='ocrx_word' id='word_1_319' title='bbox 249 3755 332 3800; x_wconf 90' lang='lat' dir='ltr'>tenus</span> <span class='ocrx_word' id='word_1_320' title='bbox 345 3743 440 3800; x_wconf 89' lang='lat' dir='ltr'>medio</span> <span class='ocrx_word' id='word_1_321' title='bbox 455 3743 567 3799; x_wconf 87' lang='lat' dir='ltr'>tunicas</span> <span class='ocrx_word' id='word_1_322' title='bbox 581 3743 748 3817; x_wconf 79' lang='lat' dir='ltr'>succingere</span> <span class='ocrx_word' id='word_1_323' title='bbox 762 3744 857 3816; x_wconf 89' lang='lat' dir='ltr'>debet,</span> <span class='ocrx_word' id='word_1_324' title='bbox 878 3803 885 3808; x_wconf 77' lang='grc'>,</span> 
     </span>
     <span class='ocr_line' id='line_1_49' title="bbox 141 3812 1063 3898; baseline 0.002 -21"><span class='ocrx_word' id='word_1_325' title='bbox 141 3823 263 3884; x_wconf 64' lang='lat' dir='ltr'>credere</span> <span class='ocrx_word' id='word_1_326' title='bbox 277 3821 392 3879; x_wconf 80' lang='lat' dir='ltr'>Silvano</span> <span class='ocrx_word' id='word_1_327' title='bbox 405 3839 533 3896; x_wconf 89' lang='lat' dir='ltr'>porcum,</span> <span class='ocrx_word' id='word_1_328' title='bbox 548 3822 703 3898; x_wconf 84' lang='lat' dir='ltr'>quadrante</span> <span class='ocrx_word' id='word_1_329' title='bbox 717 3822 833 3879; x_wconf 86' lang='lat' dir='ltr'>lavari.¹</span> <span class='ocrx_word' id='word_1_330' title='bbox 859 3812 900 3868; x_wconf 46' lang='lat' dir='ltr'>vlt</span> <span class='ocrx_word' id='word_1_331' title='bbox 942 3841 956 3859; x_wconf 60' lang='lat'>‘¹</span> <span class='ocrx_word' id='word_1_332' title='bbox 992 3839 996 3845; x_wconf 84' lang='grc'><strong><em>’</em></strong></span> <span class='ocrx_word' id='word_1_333' title='bbox 1052 3827 1063 3850; x_wconf 59' lang='grc'><strong><em>“</em></strong></span> 
     </span>
    </p>
   </div>
   <div class='ocr_carea' id='block_1_6' title="bbox 1069 2877 1127 2936">
    <p class='ocr_par' dir='ltr' id='par_1_8' title="bbox 1069 2877 1127 2936">
     <span class='ocr_line' id='line_1_50' title="bbox 1069 2877 1127 2936; baseline 0 0"><span class='ocrx_word' id='word_1_334' title='bbox 1069 2877 1127 2936; x_wconf 73' lang='lat'>320</span> 
     </span>
    </p>
   </div>
   <div class='ocr_carea' id='block_1_7' title="bbox 0 0 1338 4310">
    <p class='ocr_par' dir='ltr' id='par_1_9' title="bbox 0 0 1338 4310">
     <span class='ocr_line' id='line_1_51' title="bbox 0 0 1338 4310; baseline 0 2"><span class='ocrx_word' id='word_1_335' title='bbox 0 0 1338 4310; x_wconf 95' lang='lat' dir='ltr'> </span> 
     </span>
    </p>
   </div>
  </div>
 </body>
</html>
