2666 4310
210 269 229 326 2
525 267 557 317 l).
574 267 670 317 JUNll
689 266 885 316 iuventius

208 410 279 472 Quo
292 411 427 468 tondente
441 412 533 488 gravis
544 411 641 487 juveni
657 412 725 469 mihi
740 411 827 468 barba
837 410 973 480 sonabat,

209 491 311 549 Quum
326 509 390 565 pars
405 487 525 547 Niliacae
540 491 639 566 plebis,
653 509 739 565 quum
755 509 842 546 verna
856 490 967 566 Canopi

210 569 369 644 Crispinus,
384 567 487 644 Tyrias
502 571 619 627 humero
633 581 783 626 revocante
797 569 936 638 lacernas,

211 647 337 704 Ventilet
351 647 478 704 aestivum
493 649 589 724 digitis
602 649 770 705 sudantibus
784 666 895 712 eurum.

209 726 275 784 Nec
289 725 406 783 sufferre
420 739 505 801 queat
521 727 633 802 majoris
647 728 774 802 pondera
787 745 923 802 gemme:

212 805 333 862 Difficile
348 817 391 862 est
406 806 527 862 Satiram
543 825 599 862 non
615 806 747 863 scribere.
790 804 865 862 Nam
880 805 943 880 quis
957 803 1062 879 iniqute

209 883 285 941 Tam
299 885 409 959 patiens
423 885 511 956 urbis,
525 896 583 942 tam
599 885 715 956 ferreus,
730 895 761 941 ut
774 895 870 941 teneat
883 903 924 954 se,

209 963 356 1021 Causidici
371 983 444 1021 nova
458 983 544 1039 quum
559 963 653 1020 veniat
667 963 769 1020 lectica
783 962 930 1020 Mathonis

210 1042 298 1100 Plena
312 1043 396 1119 ipso'l
417 1055 481 1118 post
496 1044 573 1099 bunc
587 1043 685 1117 magni
699 1043 807 1099 delator
821 1041 917 1113 amici,

211 1121 247 1177 Et
260 1120 318 1178 cito
333 1134 463 1197 rapturus
477 1122 513 1178 de
529 1121 675 1178 nobilitate
689 1121 814 1192 comesti,

207 1199 297 1262 Quod
311 1212 448 1277 superest,
462 1220 545 1276 quem
561 1199 657 1257 Massa
671 1201 761 1270 timet,
775 1218 859 1275 quem
874 1218 992 1256 munere
1006 1198 1101 1275 palpat

210 1279 313 1350 Carus,
327 1292 355 1337 et
370 1299 387 1336 a
400 1281 510 1355 trepido
524 1278 664 1353 Thymele
679 1279 818 1336 submissa
833 1279 996 1336 Latinol-

248 1358 330 1420 Quid
344 1359 475 1429 reseram,
490 1360 596 1432 quantit
611 1359 719 1415 siccum
732 1358 812 1433 jecur
827 1359 924 1414 ardeat
938 1358 991 1429 iro,

207 1437 308 1499 Quum
323 1438 456 1513 populum
471 1437 604 1513 gregibus
618 1437 753 1494 comitum
768 1438 869 1512 premit
884 1437 930 1494 hie
944 1435 1076 1513 spoliator

208 1515 312 1592 Pupilli
326 1516 496 1592 prostantis?
516 1529 545 1573 et
560 1517 606 1573 hic
621 1518 770 1573 damnatus
784 1516 863 1574 inani

208 1595 325 1653 Judicio
340 1594 420 1671 (quid
435 1595 511 1652 enim
526 1595 609 1652 salvis
624 1595 740 1651 infamia
753 1595 878 1652 nummis
888 1595 914 1674 l)

209 1673 298 1732 Exsul
313 1675 349 1732 ab
361 1675 461 1732 octava
477 1673 585 1731 Marius
600 1675 679 1746 bibit,
693 1686 721 1731 et
736 1675 836 1731 fruitur
850 1674 895 1731 dis

209 1753 310 1822 lratis;
331 1765 360 1811 at
374 1765 414 1825 tu,
429 1753 527 1811 victrix
541 1753 695 1828 provincia,
711 1753 823 1828 plorasl

249 1832 322 1889 Herc
336 1852 391 1909 ego
405 1853 461 1891 uon
476 1834 591 1890 credam
607 1831 755 1889 Venusina
770 1832 855 1907 digna
870 1832 1008 1890 lucernil

209 1911 283 1968 Haec
296 1931 350 1988 ego
364 1932 421 1970 non
436 1913 560 1988 agitem?
583 1912 640 1968 Sed
654 1912 719 1985 quid
737 1909 828 1987 magis
842 1912 1008 1984 Heracleas,

208 1992 270 2050 Aut
284 1990 465 2063 Diomedeas,
480 2003 528 2050 eut
543 1991 680 2066 mugitum
696 1989 874 2065 Labyrinthi,

208 2069 246 2128 Et
259 2090 337 2128 mare
352 2091 517 2147 percussum
531 2091 628 2146 puero,
644 2070 809 2145 fabrumque
824 2070 985 2144 volanteml

207 2149 309 2211 Quum
320 2150 385 2208 leno
398 2151 521 2226 accipiat
535 2150 637 2206 moechi
653 2150 736 2219 bona,
751 2149 775 2205 si
789 2149 922 2224 capiendi

208 2227 262 2284 Jus
276 2229 385 2284 nullum
399 2230 489 2300 uxori,
504 2230 605 2285 doctus
619 2239 746 2304 spectare
760 2229 887 2301 lacunar,

208 2305 318 2365 Doctus
332 2308 408 2364 etad
423 2307 541 2364 calicem
557 2307 682 2382 vigilanti
696 2319 814 2365 stertere
827 2326 912 2376 naso;

207 2384 308 2447 Quum
321 2385 362 2442 sas
375 2405 438 2442 esse
451 2398 531 2462 putet
545 2405 641 2443 curam
656 2406 768 2462 sperare
783 2387 906 2444 cohortis

207 2463 269 2526 Qui
284 2464 357 2522 bona
368 2465 482 2522 donavit
495 2466 677 2541 praesepibus,
692 2478 720 2523 et
734 2477 812 2522 caret
825 2465 904 2523 omni

211 2543 351 2619 Majorum
366 2563 465 2615 censu,
479 2546 546 2601 dum
561 2545 686 2620 pervolat
699 2564 751 2602 axe
766 2545 852 2603 citato

210 2622 377 2680 Flaminiam
390 2643 397 2693 3
419 2623 502 2699 (puer
514 2624 694 2680 Automedon
707 2644 772 2681 nam
788 2625 846 2681 lora
860 2623 985 2695 terebat,

210 2701 273 2778 lpse
287 2703 437 2759 lacernatae
451 2722 537 2778 quum
552 2723 582 2760 se
594 2703 714 2779 jactaret
727 2703 840 2780 amicae)

207 2781 313 2838 Nonne
327 2781 396 2838 libet
409 2782 504 2841 medio
517 2801 597 2839 ceras
611 2782 726 2858 implere
741 2802 861 2858 capaces

206 2860 385 2921 Quadriviol
405 2880 491 2936 quum
504 2861 561 2937 jam
576 2863 656 2919 sexui
672 2863 782 2920 cervice
797 2862 900 2919 feratur

150 2965 152 2974 ¹
209 2939 287 2996 Hinc
302 2952 385 3015 atque
402 2940 469 2998 inde
482 2953 591 3017 patene,
606 2961 640 2998 ac
656 2942 734 2998 nudd
748 2939 830 3017 paene
846 2938 993 3012 cathedrd,

208 3018 246 3076 Et
259 3017 379 3077 multbm
393 3020 520 3077 reserens
534 3022 569 3077 de
584 3020 744 3078 Maecenate
758 3021 861 3096 supino

209 3099 350 3174 Signator,
366 3100 436 3158 falso
456 3100 503 3175 qui
518 3119 549 3157 se
562 3100 682 3171 lautum,
696 3114 779 3176 atque
795 3101 908 3157 beatum

209 3177 327 3254 Exiguis
340 3178 453 3251 tabulis,
466 3191 494 3236 et
508 3179 623 3254 gemmd
638 3179 743 3237 fecerat
757 3180 834 3236 udril

207 3256 342 3314 Occurrit
356 3270 483 3316 matrona
496 3275 606 3334 potens,
620 3277 693 3333 quae,
709 3259 793 3317 molle
808 3258 949 3315 Calenum

209 3335 386 3409 Porrectura,
401 3337 459 3394 viro
472 3338 573 3395 miscet
587 3338 700 3395 sitiente
714 3339 853 3409 rubetam,

209 3413 390 3491 Instituitque
404 3417 488 3474 rudes
503 3417 601 3474 melior
615 3417 739 3474 Locusta
752 3417 921 3492 propinquas

209 3493 263 3550 Per
278 3493 380 3551 famem
395 3506 424 3552 ot
437 3497 570 3572 populum
586 3498 681 3571 nigros
694 3497 794 3554 efferre
809 3496 932 3553 maritos.

249 3573 334 3630 Aude
348 3575 454 3649 eliquid
469 3576 601 3633 brevibus
616 3577 718 3650 Gyaris
732 3587 761 3633 et
775 3595 890 3632 carcere
906 3574 1036 3650 dignum,

209 3651 241 3710 Si
255 3653 296 3710 vis
310 3672 372 3710 esse
386 3653 503 3729 aliquis:
524 3643 647 3730 probitas
661 3655 791 3712 laudatur
806 3666 835 3711 et
849 3654 932 3729 alget.

208 3731 385 3790 Criminibus
398 3734 503 3792 debent
517 3736 620 3807 hortoS,
636 3735 774 3811 praetoria,
790 3753 912 3805 mensas,

210 3811 368 3888 Argentum
384 3825 473 3889 vetus,
487 3826 515 3873 et
529 3827 649 3872 stantem
665 3825 744 3870 extra
756 3813 858 3892 pocula
879 3831 999 3892 raptum
