2666 4310
182 250 216 308 ἃ
488 249 520 352 D.
537 249 604 296 JUN
611 249 632 296 ll
651 248 846 296 tuvtthtrs

179 391 231 448 Vel
246 382 350 467 potius,
363 376 505 477 quantimt
515 389 656 450 Gradivus
671 389 860 448 Homericus:
883 390 986 461 Audis,

177 468 299 544 Jupiter,
314 470 386 540 baro,
400 489 454 526 nec
468 466 552 531 labra
560 489 663 540 moves,
677 487 764 544 quum
780 469 891 526 mittere
906 488 1002 528 vocem

177 547 334 619 Debueras,
349 547 391 606 vel
406 567 590 620 marmoreus,
606 549 648 606 vel
664 549 793 606 ac'neusl
815 541 925 606 auteur

177 625 213 684 ln
227 627 349 684 carbone
362 637 412 684 tuo
424 627 563 688 cbartti'
536 647 583 702 pra
596 628 678 684 thura
691 626 782 683 soluta

178 705 323 776 Ponimus,
337 715 366 762 et
378 717 488 762 sectum
502 705 601 762 vituli
590 724 682 782 Jecur,
696 704 814 778 albaque
828 704 907 782 porci

91 823 95 834 .
111 815 125 827 υ
140 778 151 816 ”
177 783 322 852 Omental
342 783 381 842 Ut
393 783 484 856 video,
498 783 608 841 nullum
622 783 775 840 discrimen
790 783 954 842 babendum
968 793 1012 842 est

177 861 296 938 Effigies
309 861 382 922 inter
396 874 511 936 vestras,
525 873 701 938 statuamque
716 861 837 938 Vagelli.

218 941 339 1017 Accipe,
352 959 415 1016 qua
429 939 529 999 contra
543 941 634 999 valeat
646 940 746 999 solatia
761 939 842 1012 ferre,

177 1019 216 1078 Et
228 1020 276 1094 qui
290 1039 345 1077 uec
359 1021 484 1118 Cynicos
497 1039 552 1077 nec
567 1021 665 1078 Stoica
679 1021 813 1095 dogmata
826 1017 895 1096 legit

178 1100 206 1156 A
221 1098 339 1178 Cynicis
350 1099 450 1190 punica
465 1099 607 1170 distantia,
621 1119 679 1157 uon
691 1097 848 1173 Epicurum

130 1233 132 1242 ,
179 1177 304 1254 Suspicit
317 1197 411 1253 exigui
425 1178 521 1234 laetum
535 1144 708 1253 planlaribus
719 1177 800 1236 horti

177 1256 321 1314 Curentur
334 1257 412 1314 dubii
427 1257 545 1314 medicis
555 1256 708 1346 majoribus
722 1257 808 1332 agri;

178 1335 227 1392 Tu
241 1353 344 1392 venam
359 1335 401 1392 vel
415 1335 554 1410 discipulo
568 1337 712 1394 committe
727 1335 858 1412 Philippi.

179 1414 210 1472 Si
225 1414 334 1472 nullum
348 1414 377 1471 in
391 1415 473 1472 terris
486 1425 544 1472 tam
558 1415 724 1474 detestabile
740 1415 845 1472 factum

177 1492 325 1565 Ostendis,
338 1504 435 1562 taceo;
457 1512 512 1552 nec
524 1493 628 1570 pugnis
641 1495 752 1552 credere
767 1505 867 1569 pectus

178 1571 225 1628 Te
238 1582 311 1644 veto,
325 1591 379 1628 nec
392 1571 476 1648 planti
492 1571 593 1630 sacient
607 1573 782 1630 contundere
796 1572 899 1648 palmd,

174 1649 418 1726 Quandoquidem
433 1663 550 1728 accepto
564 1651 723 1708 claudenda
736 1665 780 1709 est
791 1651 877 1726 janue
889 1652 1004 1724 damuo,

178 1728 217 1786 Et
230 1729 334 1805 majore
348 1730 448 1788 domins
461 1741 578 1820 gemitu,
589 1731 692 1806 majore
707 1730 829 1788 tumultu

179 1806 355 1883 Planguntur
369 1809 478 1866 nummi
481 1807 617 1884 ,fqudm
614 1829 709 1866 unere.
751 1809 845 1866 Nemo
859 1808 985 1868 dolorem

179 1886 296 1962 Fingit'
289 1907 319 1944 ιιι
334 1887 388 1944 hoc
402 1906 481 1959 casu,
496 1900 601 1945 vestem
616 1889 757 1979 deducere
772 1907 911 1945 summam

178 1965 347 2038 Contentus,
361 1986 462 2024 vexare
476 1967 573 2024 oculos
587 1953 715 2024 bbiriore
718 1981 817 2024 coacto

178 2044 307 2102 Ploratur
320 2045 452 2121 lacrymis
466 2046 570 2104 amissa
582 2045 704 2122 pecunia
719 2046 798 2102 teris.

179 2123 273 2182 Sed
251 2144 275 2182 st
289 2136 394 2182 cuncta
407 2125 485 2182 vides
498 2125 582 2182 simili
598 2125 656 2182 fora
669 2123 753 2199 plena
766 2124 892 2200 querele,

179 2203 220 2275 si,
235 2203 331 2262 decies
343 2203 424 2260 lectis
435 2203 545 2261 diversa
558 2217 636 2280 parte
647 2202 768 2273 tabellis,

178 2249 262 2339 Vrina
275 2301 440 2372 supervacui
434 2282 554 2339 dicunt
567 2283 754 2360 chirographa
767 2281 847 2357 ligni,

179 2360 303 2436 Arguit
297 2379 420 2436 rpsorum
434 2380 503 2436 quos
517 2360 609 2418 littera
611 2379 800 2438 ,gemmaque
814 2360 946 2436 princeps

179 2439 390 2514 Sardonychas,
404 2439 505 2496 loculis
518 2459 580 2516 quae
593 2407 749 2498 custoditur
763 2439 898 2497 eburnis:

180 2517 265 2588 Ten’,
279 2517 307 2574 Ο
321 2517 453 2576 delicias!
475 2530 554 2576 extra
567 2519 729 2576 communia
743 2538 844 2576 censes

182 2595 368 2654 Ponenduml
389 2594 452 2656 Qut
466 2609 497 2654 tu
511 2597 622 2674 gallinae
637 2597 711 2654 lilius
725 2597 805 2670 albae,

182 2674 240 2732 Nos
251 2675 319 2732 viles
331 2675 399 2766 pulli
414 2676 472 2732 nati
487 2676 647 2733 infelicibus
661 2676 741 2735 ovisl

181 2753 253 2811 Rem
267 2754 372 2830 pateris
385 2755 535 2827 modicam,
547 2769 575 2812 et
588 2755 724 2813 mediocri
740 2755 795 2812 bile
809 2754 964 2827 ferendam,

180 2833 210 2890 ui
225 2832 331 2917 flectas
334 2833 431 2891 oeulos
435 2834 550 2924 majpra
562 2834 597 2890 ad
611 2834 738 2891 erimina.
780 2833 886 2892 Confer

179 2894 360 2970 Conductum
374 2907 522 2985 latreuein,
536 2913 669 2970 incendia
681 2913 814 2988 sulphure
828 2923 920 2987 coepta

180 2991 273 3066 Atque
288 2991 353 3048 dolo
354 2991 490 3068 ,primos
494 3011 581 3082 quum
593 2992 681 3067 jenua
696 2991 824 3066 colligit'
818 3010 916 3066 ignes;

178 3070 284 3127 Confer
298 3081 328 3127 et
340 3071 401 3142 hos,
416 3071 516 3128 veteris
529 3090 576 3145 qur
570 3071 692 3128 tollunt
705 3069 825 3146 grandia
838 3069 935 3146 templi

178 3147 287 3206 Pocula
299 3117 450 3206 adoreridae
464 3149 612 3240 rubiginis,
627 3161 655 3206 et
668 3149 836 3225 populorum

178 3227 272 3300 Dona,
287 3226 329 3283 vel
345 3228 459 3304 antiquo
472 3229 576 3317 positas
591 3246 607 3284 a
620 3248 687 3304 rege
701 3247 827 3284 corones.

179 3305 253 3362 Haeo
265 3273 342 3362 ibi
320 3325 344 3362 st
358 3325 414 3363 nou
428 3317 503 3378 sunt,
518 3307 610 3364 minor
623 3318 714 3364 exstat
727 3306 892 3395 sacrilegus,
905 3303 954 3379 qui

178 3385 297 3441 Radat
290 3384 410 3441 inaurati
424 3353 514 3442 femui
529 3385 672 3458 Herculis,
686 3397 715 3442 et
728 3385 852 3442 faciem
845 3402 935 3460 ipsam

179 3462 321 3538 Neptuni;
343 3481 391 3537 qur
383 3463 575 3520 bracteolam
590 3463 626 3521 de
641 3432 757 3521 Castore
772 3464 865 3520 ducat.

179 3543 227 3599 An
242 3541 359 3612 dubitet,
374 3542 471 3598 solitus
485 3553 574 3600 totum
590 3542 713 3600 conflare
728 3541 912 3600 Tonantemi
937 3537 985 3630 7„
1041 3517 1049 3569 ’ἶ
1070 3515 1077 3560 ”
1103 3547 1133 3554 “·
1200 3527 1214 3544 ““

178 3621 284 3678 Confer
297 3632 326 3678 et
340 3621 470 3693 artifices,
481 3633 721 3695 mercatoremque
736 3621 848 3692 veneni,

178 3699 216 3756 Et
229 3699 429 3756 deducendum
443 3701 520 3757 corio
534 3699 612 3758 bovis
626 3700 655 3756 in
672 3719 758 3770 mare,
773 3719 838 3756 cum
852 3719 908 3774 quo

179 3777 326 3836 Clauditur
340 3778 464 3836 adversis
478 3779 594 3836 innoxia
607 3779 689 3835 simia
704 3778 775 3836 fatis.

583 3861 601 3888 Ι
