2652 4308
729 147 754 211 t

520 300 643 350 surina
662 301 708 351 1v.

123 440 236 499 Excutit
251 461 267 499 e
281 442 428 500 manibus:
450 443 549 501 dentes
563 444 700 520 crepuere
715 443 830 502 retecti:

124 520 215 577 chta
229 522 336 578 cadunt
351 522 421 578 laxis
435 534 504 578 tuuc
519 524 706 597 pulmentaria
719 524 814 580 labris.

123 599 200 655 Hinc
215 600 291 670 tuba,
306 602 454 657 candelas!
473 603 643 676 tandemque
659 603 787 659 beatulus
802 602 858 661 alto

122 677 302 753 Compositus
316 679 389 735 lecto
392 680 570 753 ,crassisque
585 681 690 737 lutatus
704 682 831 752 amomis,

124 755 157 812 ln
172 770 279 831 portam
293 724 399 846 rigidos,
412 758 507 814 calces
520 760 663 815 extendit:
685 772 713 816 at
728 760 806 816 illum

125 835 257 891 Hesterni
272 835 364 910 capite
379 836 479 893 induto
492 835 606 896 subiere
619 837 757 898 Quirites.

162 913 285 989 ‘Tange
300 914 385 971 miser
399 933 495 985 venas,
510 928 539 972 et
551 933 626 990 poue
641 917 669 972 in
683 917 798 1006 pectore
812 915 954 973 dextram:

122 991 170 1048 Nil
185 993 259 1050 calet
273 991 337 1050 hic:
358 1012 538 1067 summosque
549 994 636 1069 pedes
650 995 757 1084 attinge
773 1013 946 1084 manusque:

122 1069 189 1128 Nou
204 1071 324 1162 frigent!
366 1072 435 1132 Visa
449 1083 491 1129 est
506 1091 529 1129 st
522 1071 611 1130 forte
626 1075 756 1148 pecunia,
772 1073 830 1130 sive

122 1149 291 1207 Candida
267 1151 351 1207 noim
345 1150 480 1207 subrisit
495 1147 577 1208 molle
590 1152 693 1226 p,uella

123 1228 148 1286 (
149 1248 180 1285 ur
191 1229 241 1286 tibi
256 1227 309 1286 rite
324 1229 405 1287 salitl
447 1229 571 1286 Positum
586 1244 629 1288 est
643 1232 755 1306 algente
769 1231 884 1290 camino

123 1306 233 1364 Durum
247 1309 320 1379 olus,
335 1321 364 1366 et
376 1309 471 1384 populi
486 1309 578 1366 cribro
592 1311 712 1368 decussa
728 1310 835 1367 farina:

122 1385 283 1444 Teutemus
298 1387 411 1444 fauces:
432 1401 531 1444 tenero
544 1388 612 1446 latet
628 1389 707 1444 ulcus
723 1390 750 1444 in
766 1409 814 1445 ore

122 1464 219 1536 Putre,
232 1467 307 1541 quod
323 1466 398 1522 baud
413 1467 514 1523 deceat
528 1467 639 1542 plebeii
655 1469 752 1524 radere
768 1468 841 1525 betti.

123 1544 221 1619 Alges,
236 1563 322 1619 quum
337 1545 460 1602 excussit
474 1547 607 1602 membris
621 1561 723 1603 tremor
738 1547 817 1603 albus
832 1547 951 1604 aristes.

122 1621 151 1678 N
155 1642 211 1679 unc
225 1624 286 1680 face
300 1623 443 1699 supposita
456 1624 585 1681 fervescit
598 1627 723 1700 sanguis,
738 1637 767 1682 et
780 1625 820 1681 ira

121 1702 285 1759 Scintillam
297 1701 390 1771 oculi3
411 1703 537 1780 dicisque
552 1704 687 1779 facisque,
700 1704 797 1779 quod
791 1724 861 1780 ipse,

121 1779 189 1837 Non
203 1781 265 1838 sani
279 1801 341 1839 esse
356 1782 487 1854 bominis,
503 1801 559 1840 uon
574 1803 661 1840 sanus
671 1784 748 1859 juret
760 1783 887 1841 Orestes.

495 2095 652 2154 SATIRA
673 2095 729 2155 IV.

161 2254 234 2312 Rutu
248 2255 342 2332 populi
357 2255 479 2313 tractasl
502 2253 662 2345 (barbatum
675 2255 736 2312 haec
751 2257 836 2314 crede
850 2257 1015 2334 magistrum

123 2333 234 2406 Dicere,
250 2335 365 2392 sorbitio
378 2335 448 2393 tollit
462 2353 546 2409 quern
560 2335 622 2391 dira
633 2335 751 2392 cicutae.
746 2337 766 2413 )

118 2413 189 2474 Quo
204 2382 310 2471 frbtusl
331 2415 378 2470 dic
393 2415 446 2471 hoc
449 2433 567 2489 ,magur
561 2414 686 2490 'pupille
701 2415 812 2473 Pericli.

119 2493 259 2550 Scilicet
253 2493 398 2568 ingenium
408 2506 436 2550 et
448 2511 541 2549 rcrum
553 2495 704 2568 prudentia
713 2494 792 2550 velox

122 2571 199 2628 Ante
213 2571 284 2646 pilos
299 2573 391 2628 venit:
413 2572 535 2629 dicenda
549 2573 723 2647 tacendaque
738 2573 832 2630 calles.

119 2648 197 2726 Ergb
213 2651 260 2707 nbi
275 2651 417 2707 commotis
432 2652 521 2709 fervet
535 2651 683 2726 plebecula
699 2652 764 2724 bile,

119 2728 187 2786 Fert
201 2730 313 2786 animus
326 2730 425 2804 calide
440 2730 540 2787 fecisse
555 2730 665 2786 silentia
680 2733 768 2788 turbas

119 2806 268 2883 Majestate
283 2808 390 2867 mantis.
430 2809 511 2870 Qtrid
526 2809 629 2866 deiude
641 2808 776 2884 loquerel
815 2809 956 2882 Quirites,

120 2887 194 2959 Hoc,
208 2899 285 2962 puta,
300 2893 356 2946 uon
368 2888 475 2962 justum
490 2900 551 2944 est:
574 2888 642 2944 illud
658 2887 750 2944 male:
772 2890 877 2946 rectius
891 2889 970 2947 illud.

119 2966 183 3022 Scis
197 2967 302 3023 etenim
315 2967 420 3042 justum
436 2967 551 3042 gemina
565 2968 737 3041 suspendere
752 2967 833 3024 lance
1069 2971 1102 3026 10

118 3045 262 3121 Ancipitis
276 3044 371 3102 librae:
393 3057 501 3104 rectum
516 3045 665 3116 discernis,
678 3046 725 3101 ubi
741 3046 814 3102 inter

117 3125 213 3180 Curva
227 3124 312 3194 subit,
328 3124 369 3181 rel
384 3144 470 3200 quum
486 3124 555 3182 fallit
570 3124 641 3198 pede
656 3124 753 3200 regula
767 3143 850 3182 raro:

118 3202 156 3258 Et
170 3203 242 3278 potis
256 3221 287 3260 es
300 3203 413 3278 nigrum
429 3203 495 3260 vitio
508 3202 653 3278 praefigere
669 3203 773 3260 Theta.

116 3281 199 3341 Quin
213 3293 244 3338 tu
259 3281 354 3358 igitur,
369 3282 480 3339 summai
496 3281 682 3357 nequicquam
697 3282 769 3358 pelle
780 3282 912 3356 decorus,

117 3361 196 3416 Ante
210 3361 285 3417 diem
301 3360 405 3418 blando
418 3361 538 3418 caudam
550 3360 656 3436 jactare
671 3360 780 3436 popello
1068 3365 1102 3421 15

117 3437 242 3509 Desinis,
256 3440 410 3514 Anticyras
423 3439 521 3496 melior
536 3440 648 3496 sorbere
663 3459 798 3514 meracas.

116 3516 192 3579 Quae
207 3517 258 3576 tibi
273 3537 384 3575 summa
397 3519 463 3575 bom
477 3520 536 3575 estl
558 3519 644 3574 uncta
656 3519 756 3575 vixisse
770 3517 873 3595 patella

117 3598 246 3672 Semper,
261 3609 289 3654 et
303 3597 417 3654 assiduo
430 3610 528 3654 curata
541 3597 665 3653 cuticula
680 3599 747 3655 sole.

119 3674 275 3750 Exspecta:
298 3676 371 3732 haud
387 3675 463 3732 aliud
478 3676 646 3751 respoudeat
661 3678 723 3733 ltaec
737 3695 823 3733 auus:
845 3675 860 3732 Ι
875 3695 953 3734 nuuc
962 3719 969 3746 ,

120 3753 307 3810 Dinomaches
319 3773 370 3827 ego
383 3773 452 3825 sum,
467 3754 563 3811 suffla:
584 3775 643 3810 sum
657 3755 814 3811 candidus?
835 3753 905 3812 Esto
1061 3755 1102 3812 20

119 3833 194 3890 Dum
210 3853 246 3890 ue
262 3831 386 3891 deterius
397 3833 487 3908 sapiat
501 3853 650 3910 pannucea
665 3834 779 3903 Baucis,
