2652 4308
226 253 266 312 ns
566 253 596 299 Α.
616 249 727 300 rsnsn
746 249 868 300 rancor

227 395 398 470 Surgentem
412 393 512 452 dextro
526 396 688 452 monstrarit
702 395 791 452 limite
805 395 915 452 callem.

227 474 328 530 Stertis
342 473 455 529 adhuci
477 471 626 548 laxumque
641 485 726 548 caput
737 491 874 549 compage
887 473 979 532 soluta

226 553 338 608 Oscitat
353 552 526 621 hesternum,
541 551 657 608 dissutis
669 553 794 626 undique
809 553 910 609 malis'l

227 631 279 688 Est
292 631 398 706 aliquid
412 629 468 704 qud
483 631 586 700 tendis,
600 643 628 687 et
643 631 671 687 in
685 632 759 704 quod
774 632 872 707 dirigis
887 633 1006 689 arcuml

228 712 275 766 An
290 709 392 785 passim
407 709 533 784 sequeris
546 727 645 766 corvos
660 711 788 784 testique
802 711 922 785 lutoque¹

227 791 353 846 Securus
366 785 422 862 qud
437 807 486 862 pes
501 787 580 858 serat,
595 799 677 862 atque
691 807 726 844 ex
740 800 865 863 tempore
880 788 968 844 vivis?

267 867 451 924 Helleborum
468 864 579 937 frustrd,
594 885 679 941 quum
692 867 749 941 jam
765 869 838 924 cutis
852 887 928 943 aegra
941 867 1070 937 tumebit,

229 945 380 1003 Pascentes
396 945 506 1002 videas:
531 946 652 1002 venienti
667 947 809 1002 occurrite
821 947 925 1004 morbo.

227 1024 265 1082 Et
277 1025 345 1100 quid
355 1044 425 1100 opus
436 1024 554 1082 Cratero
569 1045 687 1100 magnos
701 1026 861 1099 promittere
876 1027 1005 1083 nrorrtesi

227 1103 338 1161 Discite
349 1139 352 1144 ,
362 1105 390 1161 io
413 1103 519 1174 miseri,
532 1115 561 1160 et
574 1123 676 1160 causas
690 1105 854 1179 cognoscite
865 1106 972 1162 rerum!

226 1183 307 1244 Quid
322 1202 428 1253 sumus,
442 1195 471 1239 et
484 1183 618 1256 quidnam
635 1184 733 1239 victuri
748 1183 910 1258 gignimurl
930 1185 1000 1241 ordo

225 1262 302 1322 Quis
314 1262 407 1332 datus,
421 1273 470 1318 aut
484 1275 565 1318 metae
579 1259 664 1335 qurim
680 1262 770 1318 mollis
784 1261 882 1334 flexus,
895 1275 924 1319 et
938 1265 1034 1320 undel

225 1341 303 1401 Quis
317 1342 418 1397 modus
432 1342 572 1414 argentol
592 1342 660 1413 quid
677 1341 717 1396 las
731 1343 848 1415 optarel
868 1343 934 1416 quid
952 1361 1032 1417 asper

227 1419 302 1476 Utile
317 1439 451 1476 nummus
466 1420 571 1476 habeti
596 1421 693 1493 patriae
709 1421 837 1494 carisque
852 1422 1014 1496 propinquis

225 1497 376 1559 Quantirm
392 1498 504 1574 elargiri
520 1499 641 1554 decenti
661 1518 744 1571 quern
759 1512 786 1556 te
801 1501 871 1555 deus
885 1519 948 1557 esse

227 1579 244 1635 J
248 1579 326 1648 ussit,
340 1590 369 1634 et
383 1579 507 1634 humenti
522 1579 577 1651 quai
593 1589 670 1651 parte
685 1579 794 1634 locatus
804 1597 835 1634 es
849 1579 877 1635 in
893 1580 942 1636 rel

227 1657 330 1714 Disce:
352 1675 406 1713 nec
420 1657 557 1726 invideas,
570 1653 645 1729 quiid
661 1657 749 1713 multa
764 1657 857 1714 fidelia
870 1669 949 1733 putet

227 1736 261 1793 lu
277 1736 417 1811 locuplete
431 1753 517 1810 peno,
531 1735 655 1791 delensis
668 1737 822 1810 pinguibus
837 1735 961 1808 Umbris,

227 1815 264 1872 Et
277 1815 366 1890 piper,
380 1826 409 1871 et
419 1833 524 1889 pernae,
540 1813 626 1870 Marsi
643 1827 826 1871 monumenta
839 1815 961 1887 clientis,

206 1905 210 1912 ’
227 1893 379 1968 Maenaque
393 1891 469 1968 qubd
483 1893 574 1967 primia
588 1893 714 1948 nondum
729 1893 864 1950 defecerit
877 1894 954 1950 oreti.

267 1973 326 2030 Hic
340 1972 440 2046 aliquis
454 1973 490 2028 de
504 1983 589 2046 gente
604 1972 715 2028 hircosa
730 1972 929 2030 centurionum

227 2052 322 2122 Dicat,
336 2051 424 2112 Quod
439 2048 572 2120 satis‘est,
587 2051 665 2125 sapio
679 2051 766 2106 mihi:
787 2071 843 2107 non
858 2071 913 2126 ego
925 2069 995 2108 curo
1032 2086 1039 2106 1

227 2131 308 2202 lisse,
322 2131 396 2205 quod
411 2129 556 2186 Arcesilas
571 2130 776 2203 aerurnncsique
791 2131 920 2201 Solones,

226 2211 348 2284 Obstipo
361 2208 463 2283 capite,
475 2219 503 2265 et
518 2209 637 2282 figentes
650 2207 756 2264 lumine
770 2221 883 2280 terram,

227 2287 375 2344 Murmura
388 2306 476 2361 quum
490 2305 587 2342 secum
601 2298 630 2342 et
643 2285 753 2344 rabiosa
767 2288 878 2344 silentia
891 2287 1004 2359 rodunt,

227 2368 322 2440 Atque
337 2377 502 2440 exporrecto
517 2366 688 2422 trutinantur
703 2367 786 2422 verba
800 2367 911 2437 labello,

228 2444 338 2519 AEgroti
353 2445 454 2500 veteris
469 2445 637 2501 meditantes
651 2445 771 2514 somnia,
785 2445 863 2519 gigni

227 2523 272 2580 De
286 2523 374 2580 nihilo
388 2523 468 2594 nihil,
483 2523 511 2578 in
526 2523 646 2579 nihilum
662 2523 701 2578 nil
716 2543 797 2598 posse
811 2523 920 2580 reverti.

228 2602 293 2659 Hoc
307 2613 359 2672 est,
374 2598 450 2674 qudd
465 2601 574 2676 pallesl
596 2619 647 2657 cur
660 2603 723 2674 quis
738 2621 794 2659 non
809 2603 956 2677 prandeat,
970 2601 1025 2659 hcc
1038 2602 1101 2658 estl

228 2681 282 2738 His
295 2680 415 2756 populus
429 2681 515 2737 ridet:
537 2677 713 2758 multirmque
726 2695 817 2738 torosa
828 2681 962 2756 juventus

230 2760 389 2836 ingeminat
403 2759 537 2815 tremulos
551 2778 620 2814 naso
635 2761 776 2834 crispante
791 2760 953 2816 cachinnos.

267 2839 398 2914 Inspice:
420 2838 518 2894 nescio
531 2837 596 2912 quid
612 2839 731 2914 trepidat
746 2839 815 2894 mihi
830 2850 939 2912 pectus,
954 2850 982 2894 et
996 2837 1079 2912 aegris

228 2918 372 2975 Faucibus
386 2927 535 2991 exsuperat
548 2917 640 2991 gravis
652 2917 771 2974 halitus:
793 2917 911 2991 inspice,
926 2918 1019 2988 sodes,

226 2997 286 3057 Qui
303 2997 372 3052 dicit
386 2997 507 3068 medico,
519 2995 615 3070 jussus
629 2997 815 3070 requiescere,
827 3007 973 3070 postquam

227 3074 327 3131 Tertia
341 3074 511 3148 compositas
526 3074 594 3131 vidit
608 3093 663 3131 nox
677 3093 790 3130 currere
806 3093 900 3146 venas,

228 3152 273 3212 De
286 3153 390 3227 majore
405 3153 489 3210 domo
504 3151 614 3209 modice
630 3154 742 3210 sitiente
756 3152 869 3227 lagenis,

228 3229 318 3287 Lenia
332 3231 422 3288 loturo
436 3231 489 3288 sibi
504 3233 672 3288 Surrentina
686 3233 802 3306 rogavit.

228 3309 309 3365 Heus
324 3308 406 3380 bone,
421 3320 450 3365 tu
465 3311 561 3384 palles.
604 3310 701 3367 ‘Nihil
715 3313 776 3367 est’
818 3311 925 3367 Videas
933 3321 1028 3366 tamen
1044 3309 1132 3382 istud,

227 3385 375 3462 Quicquid
389 3387 416 3442 id
431 3398 492 3444 est:
513 3389 602 3464 surgit
617 3387 701 3446 tacite
717 3391 766 3446 tibi
781 3390 857 3446 lutea
870 3389 959 3464 pellis.
1202 3391 1217 3406 '

228 3467 286 3522 ‘At
299 3476 330 3522 tu
345 3463 468 3522 deteriirs
482 3468 586 3542 palles:
608 3489 644 3525 ne
659 3469 697 3524 sis
711 3469 780 3524 mihi
794 3479 886 3524 tutor:

228 3544 245 3601 J
250 3563 293 3602 am
308 3543 415 3620 pridem
431 3545 507 3602 hunc
522 3547 627 3621 sepeli:
648 3559 678 3604 tu
693 3549 798 3604 restas’
841 3546 942 3621 Perge,
956 3545 1057 3602 tacebo

228 3623 375 3700 'l'urgidus
390 3623 436 3679 hic
450 3625 550 3700 epulis,
566 3638 649 3700 atque
665 3627 728 3682 albo
742 3638 847 3695 ventre,
861 3625 979 3695 lavatur,

227 3703 348 3761 Gutture
363 3701 501 3760 sulfureas
514 3702 591 3762 lente
606 3705 755 3760 exhalante
770 3704 916 3778 mephites.

229 3783 287 3838 Sed
300 3793 404 3840 tremor
420 3781 491 3840 iuter
508 3783 571 3840 rina
582 3783 667 3854 subit,
682 3783 860 3856 calidumque
875 3781 985 3840 triental
1164 3781 1224 3839 llll)
