2652 4308
200 273 241 330 114
539 273 571 320 A·
589 271 700 320 pensu
719 271 843 320 enicet

205 411 302 470 Euiott
315 411 490 487 ingeminat:
509 413 680 489 rqierobilis
694 422 808 472 assota!
822 411 914 472 Belo.

204 489 277 549 Haeo
290 489 400 564 fierent,
413 491 437 549 si
451 492 574 550 testiculi
590 511 661 550 vena
674 493 731 550 ullo
745 493 855 568 paterni

205 569 319 628 Viveret
333 569 361 627 in
376 569 479 628 nobisl
499 571 611 628 summi
625 572 759 628 delumbe
773 572 860 630 saliri

203 648 269 706 Hoc
283 649 404 708 natatio
418 649 515 720 labris,
530 662 559 708 et
573 649 602 706 in
618 651 674 708 udo
687 663 731 708 est
743 649 855 708 Mettus
867 659 898 706 et
910 649 1018 708 Attin:
1134 652 1190 710 1115

203 725 268 786 Nec
281 727 407 804 pluteum
422 730 516 799 credit,
530 747 585 786 nec
598 727 743 788 demorsos
757 729 831 804 sapit
845 747 965 804 ungues.

242 807 320 864 ‘Sed
333 806 401 882 quid
414 825 486 882 opus
499 820 612 866 teneras
625 808 750 866 mordaci
764 807 863 866 rodere
878 826 943 866 vero

205 884 381 943 Auriculasl
403 886 465 944 ride
478 887 527 958 sis,
541 905 578 943 ne
593 887 730 962 majorum
744 887 796 946 tibi
812 885 883 944 brt&

203 961 317 1022 Limina
331 964 498 1040 frigescant:
520 977 602 1022 sonat
617 967 665 1022 hic
679 966 715 1022 de
730 985 799 1024 nure
812 966 918 1024 canina

203 1042 328 1101 Littera’
370 1043 424 1102 Per
438 1063 484 1102 me
497 1044 628 1120 equidem
642 1045 699 1102 siut
708 1045 805 1102 omnia
818 1046 946 1120 protinus
959 1043 1033 1116 alba,
1133 1045 1190 1102 llll

203 1121 253 1180 Nil
268 1141 368 1180 moror.
410 1122 508 1199 Euge!
529 1143 639 1194 omnes,
652 1143 753 1182 omues
767 1125 841 1180 bene
856 1125 933 1182 mirae
947 1123 1026 1180 eritis
1039 1142 1093 1182 res.

204 1201 269 1258 Hoc
280 1201 381 1277 juvati
422 1201 491 1273 Hic,
503 1203 605 1276 inquis,
621 1215 683 1260 veto
696 1203 843 1277 quisquam
859 1203 1051 1260 suxitoletum.

203 1279 295 1355 Pinge
309 1282 381 1338 duos
392 1299 517 1356 angues:
538 1281 627 1356 pueri,
642 1299 722 1338 secer
736 1294 779 1338 est
792 1282 888 1339 locus:
908 1279 990 1340 extri
1062 1289 1066 1295 '

206 1357 323 1418 Melite:
344 1360 468 1418 discedo.
510 1361 610 1418 secuit
624 1360 752 1418 Lucilius
767 1360 882 1432 Urbem,

203 1437 259 1508 Te,
274 1437 364 1515 Lupe,
378 1451 416 1511 te,
432 1437 521 1511 Muci,
535 1451 564 1496 et
576 1439 733 1514 genuinum
749 1439 832 1514 sregit
843 1440 871 1496 in
886 1440 949 1498 illis.
1131 1441 1190 1498 115

204 1515 298 1573 Omne
313 1518 389 1575 valer
403 1519 500 1576 vitium
515 1519 617 1576 ridenti
630 1518 753 1576 Flaccus
766 1519 858 1576 enrico

203 1594 322 1672 Tangit,
333 1609 362 1654 et
375 1598 515 1654 admissus
529 1597 638 1654 circum
652 1598 808 1672 precordia
821 1598 902 1671 ludit,

205 1674 331 1732 Callidus
344 1695 464 1734 excusso
476 1677 611 1752 populum
625 1677 799 1752 suspendere
813 1696 891 1734 naso.

206 1752 282 1812 Men'
299 1755 400 1812 mutire
414 1755 504 1826 nelos,
516 1773 571 1812 nec
584 1752 669 1827 cldrn,
684 1775 739 1812 nec
752 1774 818 1812 cum
833 1756 952 1814 scrobel
1000 1755 1047 1814 ‘N
1050 1757 1188 1832 usquam!

206 1831 264 1890 llic
277 1845 373 1891 tamen
388 1835 542 1892 infodiam:
565 1835 642 1904 Vidi,
655 1835 710 1892 vidi
722 1836 791 1910 ipse,
806 1834 909 1906 libelle,
1130 1835 1189 1892 120

210 1912 358 1970 Auriculas
372 1913 444 1970 asini
460 1912 539 1970 Mida
554 1933 602 1970 rer
617 1915 718 1970 habet:
741 1915 795 1970 lroc
808 1933 862 1989 ego
875 1925 1015 1990 opertum,

208 1991 269 2049 lloc
284 1991 376 2049 ridere
390 2011 496 2063 meum,
508 2003 564 2048 tam
580 1992 630 2062 nil,
644 1993 723 2048 nullia
734 1993 784 2049 tibi
800 1994 891 2050 vendo

206 2069 303 2128 iliade.
347 2071 470 2140 Audaci,
484 2071 658 2145 quicunque,
672 2071 764 2128 affiate
779 2072 906 2142 Cratino,

207 2149 312 2208 lratum
327 2150 495 2226 Eupolidem
510 2151 668 2225 pregrandi
683 2169 749 2206 cum
765 2169 833 2207 sene
843 2151 941 2225 palles,

206 2230 310 2306 Aspice
324 2240 353 2287 et
364 2231 434 2300 lucc,
449 2229 472 2288 si
487 2227 558 2287 forte
574 2229 679 2304 aliquid
693 2229 840 2287 decoctius
853 2229 943 2288 audis.
1131 2229 1187 2286 125

206 2307 277 2365 lndd
293 2309 423 2384 vaporatis
438 2309 526 2368 lector
541 2308 609 2364 milri
626 2308 732 2364 ferveat
745 2325 830 2366 eure:

205 2385 271 2444 Non
286 2388 343 2458 hic,
357 2387 405 2462 qui
420 2388 449 2444 in
463 2387 592 2462 crepidas
602 2387 750 2444 Graiorum
767 2386 865 2444 ludere
878 2387 963 2462 gestit

204 2464 351 2536 Sordidus,
366 2477 394 2523 et
405 2467 485 2523 lurco
496 2466 545 2541 qui
559 2467 651 2540 poscit
664 2466 770 2536 dicere,
786 2465 890 2538 Lusce,

203 2545 274 2601 Sese
289 2544 409 2620 aliquem
424 2547 554 2615 credens,
570 2543 642 2602 Italo
655 2541 730 2618 qudd
745 2545 851 2602 honore
864 2544 984 2620 supinus

202 2622 332 2699 Fregerit
344 2625 473 2682 heminas
487 2622 570 2682 Arcti
585 2623 674 2680 edilis
687 2623 815 2697 iniquas:
1145 2622 1186 2680 ³⁰

202 2701 267 2760 Nec
279 2702 328 2778 qui
340 2703 430 2760 abaco
444 2721 586 2771 numeros,
601 2714 630 2759 et
644 2714 722 2760 secto
737 2703 765 2758 in
780 2702 1008 2777 pulverenum,

202 2781 264 2840 Scit
277 2783 371 2840 risisse
386 2782 471 2853 valer,
486 2776 604 2838 multum
620 2782 744 2855 gaudere
758 2793 882 2856 paratus,

202 2860 234 2918 Si
249 2861 361 2938 Cynico
375 2861 490 2918 barbam
504 2860 633 2936 petulans
648 2860 764 2918 nonaria
778 2859 869 2916 vellat

203 2939 258 2998 His
271 2960 356 2999 mane
368 2939 507 3012 edictum,
521 2950 584 3015 post
594 2938 713 3014 prandia
726 2937 890 2996 Callirhoen
905 2937 950 2996 do.

583 3263 741 3322 SATIRA
763 3262 803 3321 11.

470 3423 519 3471 ΔΙ)
535 3419 695 3470 ¹PLO'HUM
712 3419 910 3468 MACRINUM

552 3583 593 3622 oe
615 3567 696 3621 acui
715 3580 832 3620 uenus.

242 3725 345 3799 lluuc,
360 3723 501 3796 Macrine,
515 3723 591 3781 diem
605 3739 725 3780 numera
740 3720 855 3777 meliore
869 3719 975 3795 lapillo,

201 3806 263 3868 Qui
277 3808 329 3864 tibi
343 3805 470 3862 labentes
484 3802 598 3877 apponit
612 3799 750 3857 candidus
764 3818 862 3856 annos

206 3883 306 3941 Funde
318 3902 426 3941 merum
440 3882 552 3939 Genio:
573 3899 631 3936 non
644 3889 674 3935 tu
689 3897 773 3952 prece
787 3878 880 3953 [roseis
893 3875 985 3938 emaci
