2652 4308
221 269 274 328 lffl
555 271 585 320 Α.
604 270 717 322 PERSll
735 269 857 320 Fateor

217 407 344 486 Pregerit
358 410 501 484 articulos,
516 415 618 472 veteris
631 414 748 472 ramalia
762 415 837 490 lagi:

217 489 302 546 Tunc
317 509 427 547 crassos
441 492 576 548 transisse
591 494 661 564 dies,
674 495 822 567 lucemque
837 491 1002 567 palustrem,
1159 492 1200 549 ὥ

218 567 253 625 Et
267 569 320 624 sibi
332 567 390 643 jam
403 569 457 626 seri
473 571 557 626 vitarn
573 571 738 646 ingemuere
754 571 889 628 relictam.

255 649 295 704 At
309 659 336 704 te
348 649 493 704 nocturnis
505 650 583 723 jurat
598 650 790 724 impallescere
807 649 921 706 chartis.

215 725 314 782 Cultor
328 728 404 782 eninr
418 727 554 801 juvenum
569 740 703 802 purgatas
714 729 815 786 inseris
829 747 911 786 aures

216 803 309 878 Fruge
324 805 489 862 Cleanthea.
533 806 622 863 Petite
634 806 711 876 hinc,
722 806 897 880 juvenesque
911 823 1059 881 senesque,

216 880 316 938 Finem
331 883 426 940 animo
439 896 557 955 certnrn,
572 885 735 958 miserisque
751 885 853 942 viatica
865 884 953 942 oanis.
1158 885 1199 943 65

214 961 304 1016 ‘Cras
319 961 373 1018 hoc
388 961 453 1019 fiet!
495 961 577 1020 Idem
589 982 652 1019 cras
666 963 722 1020 liet.
764 963 885 1024 ‘Qnidt
904 963 984 1038 quasi
998 981 1145 1038 magnum,

215 1037 327 1116 Nempe
341 1041 416 1096 diem
432 1041 521 1098 donas
535 1043 552 1096 l'
595 1041 652 1098 Sed
667 1061 754 1116 quum
769 1042 817 1099 lux
830 1043 919 1100 altera
933 1043 1019 1114 venit,

215 1117 279 1174 lam
295 1137 358 1175 cras
374 1120 535 1176 hesternum
551 1121 794 1194 consumpsimus:
816 1139 885 1178 ecce
899 1120 977 1178 aliud
991 1139 1054 1176 cras

215 1195 312 1272 Egerit
327 1199 377 1256 lios
391 1217 490 1269 annos,
504 1211 533 1256 ct
547 1217 658 1274 semper
674 1197 788 1274 paulina
803 1201 857 1258 erit
868 1197 950 1257 ultrd.

215 1275 242 1331 N
245 1295 289 1332 am
303 1277 430 1351 quamvis
444 1297 529 1352 prope
544 1289 582 1348 te,
596 1279 723 1351 quamvis
737 1291 850 1336 temone
864 1279 918 1334 sub
933 1297 991 1336 uno
1158 1279 1200 1336 7⁰

215 1354 380 1412 Vertentem
394 1375 466 1426 sese,
482 1357 583 1413 frustra
598 1357 743 1414 sectabere
757 1358 904 1427 canthum,

213 1435 314 1494 Quum
328 1445 388 1490 rota
402 1435 537 1509 posterior
551 1455 657 1506 curras,
671 1447 700 1491 et
714 1435 743 1492 iu
758 1455 810 1492 axe
824 1437 960 1494 secundo.

254 1511 397 1569 Libertate
410 1532 480 1588 opus
494 1525 545 1584 est,
557 1533 613 1571 non
629 1515 694 1583 hic,
708 1533 792 1589 qnam
806 1528 837 1572 ut
852 1515 971 1590 quisque
985 1513 1089 1572 velint
1159 1541 1161 1548 ·

217 1591 332 1647 Publius
347 1592 476 1663 emeruit,
492 1593 651 1650 scabiosum
666 1594 805 1650 tesserulri
821 1594 861 1650 lar

214 1669 350 1726 Possidet.
394 1670 460 1726 lleu
474 1673 582 1728 steriles
597 1672 664 1741 veri,
677 1673 780 1746 quibus
795 1691 852 1729 una
864 1671 1009 1733 Quiritem

213 1747 331 1823 Vertigo
345 1749 429 1806 sacitl
453 1750 511 1806 Hic
525 1750 617 1807 Dama
630 1763 674 1807 est
688 1770 744 1807 non
759 1752 862 1808 tressis·
870 1770 967 1826 agaso,

214 1827 314 1902 Vappa
327 1839 356 1884 et
369 1827 471 1903 lippus,
485 1841 513 1886 et
527 1830 556 1885 in
571 1829 648 1886 tenui
665 1829 805 1905 farragine
820 1831 960 1888 mendax:

215 1906 338 1962 Verterit
353 1907 429 1964 hunc
443 1908 584 1978 dominus,
599 1921 741 1966 momento
755 1909 876 1966 turbinis
889 1909 948 1966 exit

215 1984 330 2042 Marcus
344 1984 445 2042 Dama.
488 1986 588 2061 Papae!
615 1985 715 2043 Marco
729 1989 895 2063 spondente,
910 2005 1025 2044 recusas

213 2064 338 2120 Credere
353 2075 383 2120 tu
398 2066 546 2121 nummosi
568 2065 668 2122 Marco
682 2066 737 2122 sub
748 2067 845 2142 judice
859 2067 966 2141 pallesl

214 2141 330 2199 Marcus
344 2142 433 2199 dixit:
455 2144 493 2200 ita
506 2155 557 2200 est.
599 2145 733 2218 Assigna‚
749 2143 858 2216 Marce,
872 2145 998 2206 tabellas.

214 2221 287 2277 Haec
303 2240 381 2278 mera
394 2221 526 2278 libertas:
549 2223 603 2279 hoc
617 2223 699 2279 nobis
715 2223 789 2298 pilea
802 2224 919 2281 donant.

213 2305 220 2330 ⁸
233 2301 278 2356 An
290 2301 437 2374 quisquam
452 2314 495 2358 est
508 2301 579 2358 alius
595 2301 674 2372 liber,
689 2301 743 2358 nisi
755 2304 861 2359 ducere
876 2303 961 2360 vitam

213 2378 269 2435 Cui
281 2379 357 2448 licet,
374 2390 404 2436 ut
419 2379 527 2436 voluit?
548 2381 624 2450 licet,
642 2391 672 2435 ut
688 2381 758 2450 volo,
770 2382 882 2438 vivere:
903 2400 960 2438 non
975 2379 1029 2438 sim

213 2456 341 2514 Liberior
356 2457 443 2514 Bruto
454 2459 473 2516 l’
497 2456 637 2516 Mendosd
653 2458 773 2534 colligis,
789 2459 881 2534 inquit

213 2538 328 2592 Stoicus
343 2536 399 2606 liic,
414 2555 511 2593 aurern
524 2537 650 2594 mordaci
665 2537 738 2594 lotus
752 2550 841 2595 aceto.

214 2614 278 2680 Hoc
293 2615 432 2689 reliquum
448 2616 574 2690 accipio:
596 2617 662 2672 licet
676 2616 745 2672 illud
760 2630 790 2674 et
802 2625 833 2672 ut
847 2617 909 2672 volo
922 2616 997 2674 tolle.

213 2699 220 2724 ‘
233 2693 366 2750 Vindicta
382 2706 527 2770 postquam
543 2713 622 2751 meus
636 2715 653 2751 a
667 2709 784 2770 praetore
799 2697 912 2767 recessi,

213 2771 272 2830 Cur
287 2773 355 2830 mihi
370 2791 428 2830 non
443 2773 536 2842 liceat,
548 2773 631 2847 jussit
644 2775 831 2848 quodcunque
847 2775 985 2845 voluntas,

213 2850 351 2927 Excepto,
366 2851 389 2908 si
403 2851 471 2926 quid
486 2851 596 2908 Masuri
610 2853 724 2908 rubrica
735 2854 836 2910 vetavit
842 2853 862 2908 l'

253 2929 355 2986 Disce!
378 2932 427 2987 sed
443 2931 484 2987 ira
497 2931 581 2987 cadat
595 2950 663 2987 naso
678 2950 835 3006 rugosaque
849 2951 950 3004 sanna,

213 3007 290 3064 Dum
303 3021 409 3066 veteres
424 3009 500 3066 avias
514 3009 565 3066 tibi
579 3010 614 3066 de
629 3009 762 3083 pulmone
777 3011 887 3067 revello.

214 3085 280 3142 Non
295 3087 421 3161 praetoris
434 3099 494 3144 erat
509 3087 601 3144 stultis
615 3089 681 3144 dare
696 3088 793 3146 tenuia
803 3107 898 3146 rerum

213 3164 326 3235 Officia,
341 3179 424 3240 atque
437 3185 519 3222 usum
535 3165 639 3240 rapidae
653 3167 814 3242 permittere
828 3167 900 3224 vitre.

214 3243 387 3300 Sambucam
401 3242 487 3300 citius
500 3245 592 3302 caloni
604 3246 742 3320 aptaveris
755 3245 820 3303 alto.

214 3322 275 3378 Stat
289 3320 388 3378 contra
403 3322 483 3392 ratio,
498 3335 526 3380 et
540 3335 677 3380 secretam
694 3325 795 3398 gannit
805 3324 835 3380 in
849 3342 959 3396 aurern,

214 3397 259 3455 Ne
274 3399 357 3456 liceat
372 3399 464 3456 facere
476 3401 514 3470 id,
528 3403 602 3475 quod
614 3402 676 3476 quis
691 3403 797 3460 vitiabit
810 3403 930 3478 agendo.

214 3478 332 3534 Publica
346 3478 391 3534 lex
406 3478 551 3535 hominum
565 3492 720 3554 naturaque
734 3482 863 3539 continet
877 3483 932 3540 hoc
947 3483 989 3541 las
1021 3553 1024 3558 Ι

214 3556 251 3616 Ut
265 3568 361 3614 teneat
376 3556 475 3612 vetitos
491 3557 602 3614 inscitia
617 3558 718 3614 debilis
730 3572 818 3618 actus.

215 3636 307 3692 Diluis
322 3635 505 3706 helleborum,
522 3648 599 3694 certo
613 3655 793 3711 compescere
807 3650 915 3712 puncto
1142 3639 1203 3698 10⁰

215 3715 337 3772 Nescius
351 3716 490 3771 examenl
510 3727 586 3771 vetat
600 3717 654 3770 hoc
668 3727 769 3772 natura
782 3717 925 3774 medendi.

216 3794 324 3852 Navem
338 3794 362 3852 si
375 3804 474 3870 poscat
487 3793 540 3851 sibi
554 3806 708 3870 peronatus
722 3806 814 3852 arator
