2652 4308
532 275 656 326 stTlrtrt
674 275 706 323 V.

125 415 184 474 Ore
198 427 274 474 teres
289 417 410 489 modico,
424 417 562 493 pallentes
577 419 676 478 radere
691 436 784 474 mores

126 495 244 568 Doctus,
259 506 288 552 et
302 497 428 571 ingenuo
440 497 552 572 culpam
568 496 691 572 defigere
707 497 783 552 ludo.

127 574 205 630 Hinc
218 577 307 646 trahe,
321 593 384 648 quae
399 575 488 646 dicaS,
504 593 688 648 mensamque
703 575 830 649 relinque
846 573 978 648 Mycenis

126 653 201 709 Cum
216 654 307 729 capite
321 666 349 710 et
363 655 492 729 pedibus,
507 655 672 729 plebeiaque
687 655 805 728 prandia
820 652 905 709 ndris.

165 731 232 789 Non
246 733 377 807 equidem
393 735 446 789 hoc
460 735 570 804 studeo,
586 733 698 788 bullatis
713 746 743 789 ut
757 733 826 788 milri
841 733 924 808 nugis

128 811 235 886 Pagina
248 823 400 886 turgescat,
416 813 483 868 dare
496 813 606 888 pondus
620 811 722 868 idonea
738 811 822 867 furno.

127 890 236 948 Secreti
250 891 397 965 loquimur.
439 891 508 948 Tibi
522 908 610 961 nunc,
627 890 755 948 hortante
770 889 920 959 Carnoend,

130 968 307 1026 Excutienda
319 969 419 1025 damus
433 970 604 1044 precordia:
626 980 786 1043 quantaque
801 980 904 1025 nostre

129 1047 195 1104 Pars
206 1059 255 1104 tua
269 1047 315 1119 sit,
329 1047 466 1118 Cornuto,
481 1048 593 1118 anime,
608 1047 669 1118 tibi,
684 1047 776 1104 duleis
792 1047 893 1118 amice,

125 1125 295 1184 Ostendisse
309 1128 395 1202 juvat.
439 1127 533 1198 Pulsa,
548 1127 715 1201 dignoscere
730 1136 840 1197 cautus,

125 1204 205 1265 Quid
221 1205 343 1262 solidum
357 1216 463 1282 crepet,
478 1218 506 1262 et
519 1207 602 1281 pictae
616 1205 734 1262 tectoria
748 1205 862 1280 linguae.

127 1284 182 1341 His
195 1304 249 1360 ego
263 1296 399 1342 centenas
413 1285 502 1340 ausim
512 1285 665 1359 deposcere
680 1302 773 1355 voces,

128 1363 173 1434 Ut,
187 1362 324 1438 quantum
340 1363 407 1420 mihi
419 1375 446 1420 te
460 1363 575 1420 sinuoso
589 1363 618 1420 in
633 1373 746 1438 pectore
762 1363 819 1433 lixr,

128 1443 206 1501 Voce
221 1444 329 1500 traham
343 1444 423 1518 puni,
435 1454 580 1517 totumque
596 1443 650 1498 boc
665 1443 748 1497 verba
762 1443 918 1517 resignent,

126 1521 215 1583 Quod
229 1523 296 1580 latet
310 1521 414 1578 arcanis
426 1540 482 1577 non
497 1521 653 1577 enarrabile
668 1520 747 1576 fibra.

165 1600 266 1661 Quum
281 1599 402 1676 primurn
417 1600 517 1676 pavido
531 1613 627 1656 custos
641 1599 709 1655 milri
724 1618 848 1676 purpura
862 1597 957 1670 cessit,

129 1679 265 1754 Bullaque
276 1679 430 1736 succinctis
441 1679 547 1735 laribus
561 1679 665 1734 donata
679 1677 830 1753 pependit余

127 1757 228 1818 Quum
244 1757 339 1814 blandi
353 1759 480 1828 comites,
493 1759 605 1832 totdque
620 1757 735 1832 impunc
751 1756 865 1813 Suburti

130 1837 259 1894 Permisit
273 1837 406 1913 sparsisse
421 1838 518 1894 oculos
529 1837 588 1911 jam
602 1837 742 1892 candidus
756 1835 843 1892 umbo
855 1855 862 1904 余

126 1916 282 1992 Quumque
296 1917 349 1972 iter
363 1917 528 1991 ambiguum
542 1927 595 1986 est,
609 1926 638 1972 et
653 1915 715 1969 vitre
729 1915 844 1970 nescius
855 1931 933 1971 error

127 1995 246 2052 Diducit
259 1995 383 2071 trepidas
396 2013 506 2051 ramosa
520 1995 549 2050 in
563 1993 686 2068 compita
701 1988 826 2050 mentes:

128 2073 177 2131 Me
191 2075 241 2132 tibi
256 2074 397 2149 supposui.
439 2073 569 2130 Toueros
580 2083 611 2128 tu
625 2072 744 2146 suscipis
758 2091 847 2128 annos

127 2153 282 2224 Socratico,
294 2153 431 2223 Cornute,
446 2153 519 2210 sinu.
561 2151 648 2207 Tunc
663 2150 758 2206 fallere
772 2149 860 2210 solers

128 2233 265 2307 Apposita
279 2233 396 2288 intortos
409 2230 533 2288 ostendit
546 2230 645 2306 regula
656 2249 767 2298 mores余

34 2357 37 2364 .
128 2311 164 2368 Et
179 2311 312 2386 premitur
326 2311 434 2367 ratione
449 2309 569 2379 animus,
585 2308 715 2382 vincique
725 2307 843 2380 laboret,

128 2389 333 2464 Artificemque
347 2399 397 2446 tuo
412 2389 490 2446 ducit
504 2389 557 2444 sub
571 2387 673 2463 pollice
688 2389 803 2444 vultum.

127 2467 241 2525 Tecum
255 2469 361 2525 etenim
376 2467 475 2542 longos
489 2468 604 2523 memini
620 2485 788 2523 consumere
802 2467 886 2538 soles,

128 2546 164 2603 Et
178 2558 273 2604 tecum
287 2547 391 2623 primas
405 2547 494 2621 epulis
508 2547 660 2620 decerpere
676 2557 783 2602 noctes.

127 2625 224 2682 Unum
238 2646 309 2702 opus
323 2638 351 2684 et
366 2625 492 2699 requiem
506 2625 609 2700 pariter
621 2623 797 2699 disponimus
811 2624 904 2696 ambo,

128 2705 222 2779 Atque
237 2705 398 2762 verecunda
412 2705 539 2760 laxamus
553 2703 626 2760 seria
640 2702 747 2759 mensal.

128 2782 194 2840 Non
208 2783 340 2859 equidem
355 2783 409 2840 hoc
420 2783 541 2854 dubites,
555 2782 702 2839 amborum
717 2781 822 2838 foedere
836 2791 914 2838 certo

127 2861 298 2919 Consentire
312 2862 383 2933 dies,
398 2874 427 2918 et
441 2862 477 2918 ab
492 2881 549 2918 uuo
563 2861 654 2916 sidere
669 2861 744 2916 duci.

128 2939 232 2998 Nostra
246 2941 288 2998 vel
304 2940 403 3016 aequali
417 2940 564 3016 suspendit
578 2951 704 3014 tempora
718 2937 805 2994 Libra

127 3019 218 3078 Parca
232 3033 318 3078 tenax
332 3019 399 3089 veri,
414 3037 464 3076 seu
476 3029 543 3075 nata
556 3018 686 3074 fidelibus
700 3017 769 3073 hora

127 3098 236 3156 Dividit
249 3099 279 3156 in
293 3098 430 3156 Geminos
444 3097 597 3154 concordia
612 3096 668 3152 fata
682 3096 814 3166 duorum,

128 3179 338 3253 Saturnumque
352 3194 465 3252 gravem
481 3189 576 3232 nostro
589 3174 660 3232 Jove
675 3173 832 3249 frangimus
847 3171 914 3232 und.

127 3257 235 3314 Nescio
248 3257 322 3332 quod
336 3254 414 3313 certe
428 3265 482 3326 est,
496 3255 570 3329 quod
583 3272 627 3310 me
642 3253 691 3310 tibi
711 3264 859 3328 temperat,
874 3262 991 3310 astrum,

167 3335 248 3392 Mille
263 3334 408 3393 hominum
424 3334 544 3410 species,
557 3343 586 3389 et
600 3351 693 3389 rerum
707 3331 828 3388 discolor
843 3349 920 3388 usus.

127 3415 208 3473 Velle
223 3433 306 3470 suum
320 3414 423 3488 cuique
437 3424 489 3483 est,
506 3431 560 3468 nec
574 3424 638 3468 voto
657 3411 756 3467 vivitur
768 3429 825 3468 uno

128 3493 275 3551 Mercibus
290 3493 336 3549 bic
350 3491 430 3548 Italis
444 3501 534 3547 mutat
545 3490 598 3546 sub
612 3491 671 3547 sole
685 3489 794 3545 recenti

130 3573 278 3648 Rugosum
292 3571 379 3648 piper,
394 3581 422 3627 et
436 3569 567 3645 pallentis
578 3587 668 3644 grane
681 3569 807 3624 cumini:

131 3651 186 3708 llic
201 3661 277 3707 satur
291 3649 397 3724 irriguo
411 3647 517 3705 mavult
530 3658 691 3722 turgescere
703 3665 819 3704 somne:

129 3730 186 3787 Hic
200 3728 310 3804 Campo
324 3727 469 3803 indulget:
492 3727 569 3783 hunc
584 3725 646 3781 alea
660 3725 812 3799 decoquit:
834 3725 881 3782 ille

129 3811 162 3867 ln
177 3807 320 3866 Venerem
334 3823 382 3942 esp続
391 3805 498 3919 putris:
519 3805 570 3862 sed
583 3823 670 3880 quum
684 3803 811 3878 lapidosa
825 3805 964 3882 cheragra
