2666 4310
588 273 711 322 SATlRA
733 274 790 323 vlt.
1134 277 1173 336 m

193 414 219 472 N
224 433 269 473 am
283 415 307 473 si
320 415 442 492 Virgilio
455 435 525 491 puer
538 427 567 474 et
580 417 726 474 tolerabile
740 417 852 474 deesset

193 494 365 570 Hospitium,
380 496 515 552 caderent
528 497 797 552 omnesacrinibus
809 496 906 570 hydri:
1000 527 1003 532 ·
1134 496 1173 554 70

193 575 285 632 Surda
298 574 368 630 nihil
383 586 509 649 gemeret
522 593 605 648 grave
621 574 751 631 buccina.
793 575 950 646 Poscimus,
964 585 996 633 ut
1009 575 1046 633 sit

194 651 222 708 N
225 673 262 709 on
277 653 368 709 minor
382 653 497 727 antiquo
511 653 667 708 Rubrenus
681 653 778 728 Lappa
794 655 942 726 cothurno,

192 731 283 806 Cujus
297 742 326 787 et
339 732 460 788 alveolos
473 743 502 788 et
515 731 617 788 laenam
630 732 760 806 pignerat
774 733 887 788 Atreus.

192 809 259 866 Non
275 810 359 867 habet
373 810 470 866 infelix
485 808 628 882 Numitor,
643 810 717 883 quod
732 810 824 867 mittat
838 810 932 870 amico

192 887 341 948 Quintillae
354 889 429 962 quod
443 889 539 959 donet,
555 889 658 956 hahet;
674 907 730 945 nec
743 889 833 946 defuit
847 889 897 961 illi,
1135 891 1174 949 75

192 966 275 1024 Unde
289 978 396 1024 emeret
409 967 467 1024 mul
512 967 686 1042 pascendum
700 987 786 1026 carne
800 968 912 1025 leonem
1141 963 1143 968 ’

191 1044 258 1102 lam
271 1045 426 1104 domitum:
446 1063 482 1104 co
502 1057 556 1102 stat
566 1045 662 1103 leviori
677 1045 771 1104 bellua
783 1058 898 1128 sumptu
929 1027 1047 1104 emt&

192 1124 345 1196 Nimirum,
359 1137 388 1182 et
402 1124 517 1200 capiunt
530 1125 594 1200 plus
608 1125 742 1182 intestina
755 1129 855 1200 pectre.

192 1205 353 1261 Contentus
367 1203 442 1260 sama
452 1202 547 1278 jaceat
559 1203 695 1278 Lu-fflus
709 1203 738 1260 in
753 1205 839 1262 hortis

192 1281 376 1340 hlarmoreis:
397 1293 426 1338 at
440 1283 562 1340 Serrano
574 1281 710 1356 tenuique
726 1282 820 1340 Saleio
1133 1283 1174 1341 80

191 1361 288 1420 Gloria
302 1360 476 1436 dungal-ihm
488 1361 556 1434 quid
570 1361 632 1432 erit,
647 1361 670 1418 si
685 1361 773 1436 glorio
787 1358 898 1419 tautdm
909 1363 1087 1442 enlm„
1096 1397 1109 1422 a
1118 1347 1178 1420 ἴεν
1194 1384 1223 1425 ,c
1235 1387 1251 1417 a.
1269 1355 1281 1408 l

192 1439 322 1497 Curritur
337 1440 372 1496 ad
387 1457 484 1496 vocem
496 1440 663 1513 jucundam,
677 1451 706 1496 et
719 1458 835 1496 carmen
850 1441 951 1497 amico
1030 1455 1033 1470 ¹
1177 1436 1191 1468 ”

191 1517 367 1591 'l'fflhaidos
379 1518 471 1574 laetam
486 1517 552 1574 lecit
565 1536 652 1592 quum
667 1518 774 1594 Stat-ius
789 1519 898 1592 urbem,
935 1489 1031 1568 JM
1040 1531 1094 1558 Μ’
1116 1517 1135 1556 ‘t
1155 1525 1200 1562 Ἠ

193 1595 378 1672 Promisitque
391 1597 484 1654 diem:
505 1598 584 1654 tamti
597 1597 750 1654 dulcedine
762 1609 860 1672 captos

76 1711 80 1716 ,
195 1676 292 1733 Allicit
306 1676 353 1733 ille
367 1675 485 1746 animos,
499 1676 633 1749 tantique
646 1674 764 1732 libidine
783 1676 859 1752 vulgi
1133 1677 1174 1735 85

194 1755 335 1824 Auditur;
357 1754 417 1824 sed,
431 1772 518 1828 quum
532 1753 613 1830 fregit
626 1755 759 1812 subsellia
773 1773 866 1827 versu,

194 1832 300 1910 EQ,
316 1833 450 1893 intactam
465 1832 559 1890 Paridi
574 1833 627 1890 nisi
642 1834 746 1890 vendat
759 1834 888 1908 Agaven.

193 1912 245 1969 llle
259 1924 288 1970 et
302 1911 409 1969 militiae
424 1911 519 1968 multis
532 1911 648 1986 largitur
662 1913 809 1983 honorem,

193 1991 328 2048 Semestri
340 2002 433 2047 ratum
447 1991 550 2066 digitos
563 1991 743 2070 circumligat
756 2009 834 2066 auro.

191 2069 280 2130 Quod
293 2089 351 2127 non
365 2071 434 2126 dant
447 2087 586 2144 proceres,
602 2069 679 2126 dabit
690 2059 797 2138 hist-rio.v
837 2068 886 2125 Tu
902 2068 1080 2143 Camerinos,
1133 2072 1173 2127 90

192 2149 230 2206 Et
243 2149 358 2221 Bareas,
372 2159 402 2204 tu
416 2147 553 2206 nobilium
567 2166 671 2222 magna
685 2148 872 2206 atria-curcei

192 2227 345 2285 Praefectos
356 2227 481 2302 Pelopea
495 2227 570 2298 facit,
584 2226 739 2284 Philomela
753 2227 888 2285 tribunos

196 2306 279 2364 Haud
293 2318 388 2364 tamen
403 2305 529 2362 invideas
543 2305 607 2377 veti,
621 2323 706 2380 quem
719 2305 827 2381 pulpita
845 2317 974 2382 pascunt.

191 2384 268 2446 Quis
281 2385 332 2443 tibi
347 2385 492 2442 Maecenas
502 2385 514 2440 l
525 2385 596 2459 ,quis
611 2403 688 2441 nunc
702 2385 755 2442 erit
768 2397 817 2442 aut
831 2384 1007 2458 Proculeius,

193 2464 253 2521 Aut
268 2464 393 2522 Fabiusl
412 2463 475 2539 quis
489 2463 574 2521 Cotta
587 2463 711 2520 iteruml
732 2464 795 2537 quis
810 2463 948 2521 Lentulus
961 2465 1054 2522 alteri
1131 2465 1172 2522 05

192 2541 280 2600 Tunc
293 2558 343 2619 par
358 2542 473 2618 ingenio
486 2543 623 2618 pretium:
644 2554 714 2600 tunc
728 2543 796 2598 utile
811 2543 907 2600 multis

192 2621 312 2694 Pallere,
326 2633 355 2679 et
368 2623 464 2678 vinum
478 2632 537 2680 toto
550 2621 662 2678 nescire
676 2620 837 2678 Decembri.
865 2615 928 2706 jd

232 2701 333 2758 Vester
347 2698 429 2776 porrd
444 2700 521 2757 labor
537 2699 705 2771 loecundior,
719 2700 896 2758 historiarum

193 2779 367 2856 Scriptores:
388 2779 457 2854 petit
472 2779 518 2836 hic
531 2778 594 2853 plus
608 2779 750 2854 temporis,
765 2791 849 2852 atque
862 2779 919 2838 olei
933 2779 1013 2855 plus;

192 2856 324 2933 Namque
339 2858 426 2916 oblita
439 2858 515 2914 modi
529 2856 678 2914 millesima
696 2858 799 2935 pegi—na
812 2859 902 2933 surgit
926 2851 1066 2952 sunm
1116 2858 1172 2916 100

191 2935 343 3008 Omnibus,
357 2947 386 2994 et
400 2935 490 2993 multi
503 2936 607 3010 crescit
621 2937 756 2992 damnosa
769 2955 882 3013 Pfflffl·
1006 2938 1023 2974 V

192 3015 242 3072 Sic
256 3016 358 3091 ingens
372 3033 465 3072 rerum
480 3033 615 3072 numerus
627 3014 716 3089 jubet,
731 3025 814 3088 atque
827 3033 944 3090 operum
958 3014 1013 3073 lex.

190 3093 267 3154 Quae
281 3105 375 3152 tamen
391 3094 457 3152 inde
470 3095 575 3182 aegest
596 3104 676 3150 terrae
689 3092 752 3167 quis
766 3093 875 3150 fructus
888 3094 1014 3170 apertael
1042 3071 1116 3135 lar
1125 3058 1202 3140 ml

190 3170 267 3233 Quis
280 3172 358 3230 dabit
373 3173 399 3229 h'
418 3184 446 3230 to
462 3173 469 3230 i
508 3218 516 3243 ,
530 3183 668 3246 quantum
680 3173 762 3228 daret
775 3183 838 3228 acta
850 3172 956 3248 legenti
969 3173 981 3230 l

191 3252 248 3308 Sed
263 3270 354 3326 genus
369 3193 471 3328 igitir
504 3251 599 3324 ,quod
613 3249 688 3308 lecto
701 3251 846 3325 gaudetet
860 3251 969 3308 umbris.
1005 3305 1010 3320 ,
1107 3253 1169 3333 juo

229 3329 285 3386 Dic
300 3330 395 3406 igitur,
409 3330 487 3409 quid,
527 3329 751 3464 psidicjspivilia
763 3341 897 3403 pre—stent
949 3313 1060 3436 βαιῇ
1081 3328 1106 3388 la

190 3408 303 3480 Officia,
318 3420 346 3465 et
357 3407 591 3484 magno'c‘omit'es
605 3400 638 3464 iu¹
659 3427 724 3465 esce
739 3407 848 3464 libellil

190 3486 248 3562 Ipsi
264 3507 368 3562 magna
381 3500 492 3557 sonant,
507 3488 555 3543 sed
570 3499 650 3558 tunc,
660 3505 748 3560 quum
762 3487 885 3543 creditor
896 3487 985 3561 audit,

192 3563 349 3641 l’raecipdd‚
365 3566 406 3622 vel
422 3565 445 3621 si
459 3566 551 3640 tetigit
564 3565 639 3622 latus
654 3565 745 3640 amiur
758 3564 816 3636 illo,
848 3584 940 3624 'mar-e
976 3587 990 3612 s
1000 3599 1012 3619 a
1028 3591 1040 3624 r
1053 3583 1093 3614 a„

188 3644 250 3704 Qui
268 3645 344 3700 venit
358 3643 393 3700 ad
408 3643 525 3700 dubium
539 3645 639 3718 grandi
653 3661 720 3700 cum
733 3643 833 3717 codice
847 3662 960 3702 nomen.
975 3659 1005 3690 π’(
1027 3673 1039 3690 e
1049 3631 1168 3701 ’ψἯο
1183 3631 1225 3688 lv
1237 3645 1306 3684 ‘k‘

189 3721 277 3780 'l'unc
292 3723 430 3780 immensa
443 3722 504 3780 cavi
519 3723 626 3800 spirant
643 3721 793 3779 mendacia
807 3722 895 3793 folles,
912 3691 974 3814 ᾖ
1031 3713 1128 3816 ,μέν

179 3800 417 3876 Όυηερυίωῐηυε
432 3801 518 3858 sinus.
560 3801 665 3858 Veram
679 3798 856 3890 deprdndere
870 3789 1010 3857 messeni'
