2652 4308
554 270 678 318 sartha
696 271 742 318 Vl.

184 409 296 469 Dixeris
311 411 372 468 haec
386 411 458 470 inter
473 414 613 471 varicosos
626 414 827 472 centuriones:

144 488 289 549 Continuo
303 510 430 548 crassum
446 492 518 549 ridet
532 493 683 550 Vulsonius
697 494 809 569 ingens,

146 568 180 626 Et
195 583 311 627 centum
325 571 441 627 Graecos
455 583 536 629 curto
551 584 684 629 centusse
698 573 807 630 licetur.

517 883 675 942 SATIRA
696 885 748 943 VI.

453 1055 501 1102 AD
518 1053 662 1103 CAESIUM
680 1055 827 1105 BASSUM.

183 1199 327 1256 Annorum
339 1197 398 1274 jam
412 1197 512 1256 bruma
526 1197 588 1256 loco
601 1208 640 1269 te,
654 1198 751 1271 Basse,
766 1199 895 1258 Sabinol

145 1276 247 1336 Iamne
260 1277 320 1352 lyra
332 1289 361 1334 et
375 1278 475 1335 tetrico
489 1277 584 1334 vivunt
598 1278 648 1335 tibi
663 1279 775 1352 pectine
789 1280 925 1339 ohordael

145 1356 219 1414 Mire
232 1357 326 1432 opifex
340 1358 467 1414 numeris
482 1368 606 1413 veterum
620 1357 772 1430 primordia
786 1377 891 1431 rerum,

144 1437 239 1511 Atque
253 1454 360 1492 marem
375 1435 520 1512 strepitum
535 1435 599 1491 fidis
614 1437 768 1493 intendisse
783 1437 912 1495 Latinae:

147 1513 214 1572 Mox
225 1515 344 1590 juvenes
358 1514 464 1590 agitare
475 1514 564 1590 jocos,
578 1525 606 1570 et
620 1515 720 1590 pollice
736 1517 854 1574 honesto

145 1593 286 1670 Egregius
299 1593 399 1650 lusisse
413 1613 504 1650 senes.
547 1592 620 1650 Mihi
635 1613 712 1650 nunc
726 1593 815 1670 Ligus
827 1615 878 1653 ora

145 1673 267 1748 Intepet,
282 1673 475 1748 hybernatque
489 1691 583 1729 meum
599 1690 687 1743 mare,
701 1674 756 1746 qud
771 1674 845 1730 latus
859 1675 962 1751 ingens

145 1751 222 1808 Dant
235 1751 353 1826 scopuli,
367 1762 396 1809 et
410 1752 498 1808 multd
512 1751 589 1808 littus
603 1770 633 1808 se
648 1751 718 1808 valle
729 1764 863 1828 receptat.

144 1831 245 1887 Lunai
254 1839 368 1906 portum
382 1838 423 1886 est
437 1849 527 1906 opere
542 1848 714 1902 cognoscere,
731 1831 812 1886 cives.

143 1909 201 1966 Cor
212 1910 292 1986 jubet
308 1910 361 1967 hoo
376 1908 465 1982 Enni,
480 1921 624 1984 postquam
640 1909 788 1966 destertuit
802 1929 864 1967 esse

144 1987 301 2046 Maeonides
314 1988 443 2050 Quintus
456 2007 567 2064 pavone
578 2007 614 2044 ex
629 1987 812 2062 Pythagoreo.

144 2066 202 2124 Hic
216 2087 269 2144 ego
283 2086 400 2124 securus
415 2068 501 2143 vulgi,
515 2078 545 2124 et
557 2067 623 2141 quid
638 2078 775 2141 praeparet
789 2069 895 2125 Auster

144 2146 247 2203 Infelix
260 2148 365 2221 pecori,
380 2165 497 2204 securus
511 2157 550 2216 et,
565 2146 685 2220 angulus
699 2146 745 2202 ille

145 2226 239 2282 Vicini
254 2236 349 2283 nostro
361 2226 428 2301 quia
441 2223 589 2302 pinguior:
610 2225 662 2280 etsi
677 2222 748 2282 aded
762 2244 862 2284 omnes

143 2304 293 2362 Ditescant
307 2305 360 2362 orti
375 2305 528 2381 pejoribus,
541 2322 628 2378 usque
644 2322 773 2361 recusem

143 2383 256 2440 Curvus
268 2384 305 2440 ob
319 2384 348 2440 id
362 2384 451 2441 minui
466 2383 555 2454 senio,
570 2396 618 2440 aut
632 2402 745 2440 ooeuure
760 2384 821 2441 sine
836 2397 923 2443 uncto

143 2463 180 2519 Et
194 2463 307 2538 signum
323 2463 352 2520 iu
366 2463 467 2539 vapidd
480 2482 549 2520 naso
563 2461 688 2538 tetigisse
703 2463 812 2539 lagena.

144 2542 293 2617 Discrepet
307 2543 350 2598 his
365 2541 444 2599 alius.
486 2541 633 2612 Geminos,
648 2543 811 2616 horoscope,
826 2561 893 2601 varo

145 2620 282 2678 Produois
295 2622 388 2696 genio.
430 2621 504 2677 Solis
519 2621 658 2678 natalibus
671 2632 714 2678 est
727 2623 775 2696 qui

142 2699 252 2776 Tingat
264 2700 327 2756 olus
340 2700 449 2757 siccum
464 2700 556 2756 muria
572 2700 647 2756 valer
662 2701 691 2756 in
706 2701 796 2756 calice
812 2701 917 2776 empta,
1089 2703 1127 2761 20

144 2778 208 2854 lpse
223 2797 333 2836 sacrum
349 2779 471 2836 irrorans
485 2779 589 2854 patinae
603 2779 700 2853 piper:
723 2779 769 2836 hio
785 2779 858 2835 bona
872 2781 958 2837 dente

141 2857 269 2914 Grandia
283 2857 481 2933 magnanimus
494 2857 603 2932 peragit
616 2875 693 2932 puer.
735 2858 804 2914 Utar
818 2876 881 2932 ego,
897 2869 977 2928 utar;

143 2935 208 2993 Nec
222 2936 353 2994 rhombos
367 2937 431 2994 ideo
445 2936 551 2993 libertis
564 2953 668 3010 ponere
683 2936 785 3007 lautus,

142 3013 207 3072 Nec
221 3025 335 3073 tenuem
350 3015 438 3073 solers
450 3015 596 3072 turdarum
611 3011 695 3070 misse
709 3015 834 3071 salivam.

142 3093 239 3151 Messe
252 3105 335 3152 tenus
348 3094 460 3170 proprisi
474 3094 545 3164 vire,
559 3104 587 3149 et
601 3093 740 3168 granaria,
756 3093 796 3149 fas
810 3103 862 3164 est,
1090 3097 1130 3156 25

144 3171 252 3230 Emole.
292 3173 374 3235 Quid
390 3172 521 3230 metuasl
541 3189 622 3242 occa,
636 3181 665 3227 et
679 3191 760 3246 seges
775 3172 863 3228 altera
878 3171 907 3230 in
922 3173 1008 3231 herbd
1023 3186 1066 3233 est

144 3252 199 3308 Ast
213 3261 294 3310 vocat
308 3251 433 3310 officium
447 3269 453 3308 :
475 3251 554 3308 trabe
566 3250 649 3324 ruptd
664 3249 773 3307 Bruttia
787 3269 855 3308 saxa

143 3328 262 3388 Prdndit
276 3331 386 3388 amicus
400 3330 490 3406 inops,
505 3348 620 3404 remque
634 3347 748 3388 omnem
762 3330 902 3406 surdaque
917 3343 981 3390 rota

143 3408 280 3467 Condidit
294 3408 394 3466 Ionio:
412 3410 488 3484 jacet
503 3409 562 3484 ipse
577 3409 604 3463 in
620 3407 721 3478 littore,
735 3420 764 3465 et
778 3409 836 3466 und
933 3401 953 3430 ⁶

147 3485 282 3563 lugentes
298 3488 334 3544 de
348 3506 440 3564 puppe
455 3487 512 3557 dei,
524 3487 639 3562 jamque
653 3487 736 3543 obvia
750 3487 854 3563 mergis

144 3567 231 3624 Costa
242 3567 309 3624 ratis
323 3567 432 3623 lacere.
474 3564 503 3622 N
507 3584 563 3622 unc
577 3577 606 3622 et
620 3565 655 3622 de
668 3566 777 3642 cespite
793 3566 854 3623 vivo

147 3645 257 3721 Frange
271 3645 386 3718 aliquid,
400 3644 501 3720 largire
516 3643 604 3718 inopi,
620 3663 656 3700 ne
669 3644 762 3719 pictus
774 3645 886 3701 oberret

144 3724 278 3781 Coeruled
292 3724 321 3781 in
337 3723 442 3780 tabula.
484 3723 562 3779 ‘Sed
576 3740 688 3778 ooenam
704 3723 810 3780 funeris
825 3723 915 3780 haeres

146 3802 280 3880 Negliget
294 3803 391 3873 iratus,
404 3798 481 3876 qudd
497 3820 556 3858 reru
571 3801 744 3858 curtaveris:
766 3818 845 3857 uruae
