2666 4310
570 291 695 342 sanna
714 291 734 342 Ι.

159 434 259 496 Quem
273 434 378 510 patitur
392 435 515 493 dormire
530 437 619 493 nurhs
632 451 778 511 corruptor
792 453 893 508 avare,

158 513 256 575 Quem
271 533 382 589 sponsae
396 525 503 589 turpes,
518 528 546 572 et
560 529 741 590 praetextatus
755 516 885 572 adulterl

153 590 191 650 ‘Si
207 605 307 650 natura
322 605 416 668 negat,
433 593 498 652 lacit
514 595 670 669 indignatio
685 613 806 664 versum,

158 671 400 746 Qualemcunque
414 685 515 747 potest,
529 673 626 748 quales
640 691 703 748 ego,
718 673 760 729 vel
776 673 940 730 cluvienus.

202 750 244 807 Ex
258 769 314 825 quo
329 749 496 822 Deucalion,
512 753 616 808 nimbis
631 751 793 809 tollentibus
806 769 911 826 aequor,

160 828 283 905 Navigio
298 841 422 887 montem
438 831 576 903 ascendit,
591 843 734 904 sortesque
749 831 884 906 poposcit,

160 907 356 984 Paulatimque
370 909 466 966 anima
479 909 628 967 caluerunt
642 911 736 966 mollia
751 929 827 981 saxa,

160 986 198 1044 Et
212 988 336 1044 maribus
352 987 444 1044 nudas
455 990 579 1046 ostendit
594 989 700 1064 Pyrrha
714 989 839 1064 puellas:

160 1066 310 1141 Quidquid
326 1079 416 1142 agunt
429 1067 567 1140 hominen,
582 1079 686 1139 votum,
701 1069 794 1139 timor,
810 1068 860 1140 ira,
875 1067 1010 1143 voluptas,

160 1145 283 1217 Gaudia,
298 1145 451 1217 discursus,
466 1147 553 1204 nostri
567 1158 610 1204 est
624 1147 733 1222 farrago
746 1147 841 1207 libelli.

161 1223 200 1282 Et
213 1225 327 1299 quando
341 1225 452 1283 uberior
467 1224 595 1282 vitiorum
610 1226 711 1301 copial
731 1227 845 1301 quando

162 1301 255 1379 Major
269 1303 392 1361 avaritie
406 1305 496 1379 patuit
509 1305 611 1362 sinusl
632 1306 694 1362 alea
708 1305 822 1380 quando

163 1382 225 1440 Hos
238 1383 368 1441 animosi
409 1381 511 1458 Neque
526 1384 603 1440 enim
617 1384 717 1440 loculis
731 1383 932 1441 comitantibus
947 1383 1003 1440 itur

163 1462 210 1518 Ad
228 1481 327 1519 casum
341 1461 454 1533 tabulae,
469 1463 560 1538 positia
575 1464 624 1520 sed
639 1464 744 1520 luditur
759 1463 833 1520 arch.

164 1541 267 1598 Proelia
281 1552 386 1616 quanta
400 1540 459 1598 illic
473 1543 665 1617 dispensatore
681 1543 787 1599 videbis

165 1621 330 1697 Armigero!
353 1621 518 1696 Simpl'exne
534 1621 608 1678 furor
623 1622 751 1679 sestertia
765 1617 881 1680 centum
983 1666 987 1674 ,

162 1699 295 1772 Perdere,
309 1713 337 1756 et
352 1700 475 1756 horrenti
491 1700 617 1758 tunicam
632 1720 689 1758 non
705 1702 822 1758 reddere
836 1700 937 1757 servol

160 1779 238 1841 Quis
251 1779 370 1836 totidem
385 1779 475 1836 erexit
489 1780 588 1836 villasl
608 1781 671 1854 quis
686 1781 792 1838 sercula
806 1791 914 1855 septem

163 1860 281 1916 Secreto
294 1857 416 1915 caenavit
429 1860 518 1916 avusl
558 1858 587 1915 N
589 1879 646 1916 unc
660 1861 784 1935 sportula
797 1858 888 1934 primo

162 1936 274 1996 Limine
288 1955 372 2014 parva
385 1937 474 2009 sedet,
489 1939 579 1994 turboe
593 1939 728 2013 rapienda
741 1949 852 2014 togatae.

163 2015 215 2074 llle
230 2029 325 2074 tamen
342 2016 443 2072 saciem
458 2015 537 2092 prihs
553 2018 676 2092 inspicit,
690 2030 719 2074 et
732 2017 863 2092 trepidat,
878 2035 915 2073 ue

163 2097 332 2172 Suppositus
346 2095 452 2168 venias,
467 2115 501 2154 ac
516 2096 585 2153 falso
599 2097 712 2153 nomine
728 2115 835 2172 poscas.

164 2175 289 2252 Agnitus
302 2174 435 2249 accipies.
456 2175 542 2234 Jubet
556 2195 572 2231 a
586 2194 716 2250 praecone
731 2175 822 2233 vocari

163 2253 244 2330 Ipsos
259 2253 458 2331 Trojugenas:
481 2273 547 2311 nam
562 2267 664 2312 vexant
678 2255 764 2312 limen
778 2267 807 2313 et
821 2253 874 2330 ipsi

163 2333 331 2392 Nobiscum.
373 2333 418 2390 Da
432 2335 553 2410 pretori,
568 2334 605 2390 da
618 2335 721 2391 deinde
735 2335 866 2395 tribuno!

164 2414 222 2470 Sed
237 2413 385 2470 libertinus
398 2413 473 2488 prior
487 2424 537 2470 est.
564 2413 653 2485 Prior,
669 2413 769 2488 inquit,
783 2433 837 2489 ego
851 2415 960 2472 adsum.

164 2493 224 2550 Cur
238 2493 362 2564 timeam,
377 2492 539 2549 dubitemve
553 2492 648 2550 locum
663 2493 826 2563 defendere,
840 2494 969 2568 quamvis

163 2571 258 2629 Natus
272 2572 307 2628 ad
323 2571 497 2646 Euphraten,
512 2572 610 2628 molles
624 2572 697 2646 quod
713 2573 742 2628 in
757 2591 824 2629 aure
839 2573 968 2630 fenestrae

164 2651 331 2728 Arguerint,
342 2649 412 2707 licet
426 2650 484 2726 ipse
499 2652 621 2726 negeml
663 2652 719 2707 Sed
734 2651 859 2726 quinque
873 2653 999 2710 tabernae

162 2731 384 2806 Quadringenta
397 2741 504 2805 parant.
545 2729 626 2790 Quid
641 2730 750 2787 confert
763 2749 887 2806 purpura
900 2731 988 2808 major

163 2811 339 2888 Optandum,
354 2809 377 2866 si
393 2809 528 2866 Laurenti
542 2809 665 2866 custodit
680 2810 708 2866 in
723 2828 791 2884 agro

163 2891 329 2950 Conductas
342 2888 482 2946 Corvinus
495 2890 581 2946 ovesl
623 2888 684 2964 Ego
698 2889 828 2964 possideo
838 2889 901 2965 plus
1096 2893 1152 2950 100

164 2969 293 3028 Pallante
307 2980 336 3026 et
350 2967 467 3024 Licinis.
510 2967 684 3043 Exspectent
698 2987 766 3043 ergo
780 2968 905 3026 tribuni:

166 3051 290 3107 Vineant
304 3047 424 3104 divitiae:
446 3067 527 3104 sacro
540 3066 595 3104 nec
610 3048 693 3104 cedat
707 3048 815 3118 honori,

163 3129 264 3204 Nuper
279 3127 307 3184 in
324 3127 399 3183 hanc
413 3127 511 3183 urbem
526 3127 647 3201 pedibus
661 3127 708 3200 qui
724 3138 838 3184 venerat
852 3127 940 3197 albis,

161 3205 405 3281 Quandoquidem
420 3205 492 3262 inter
506 3225 559 3263 uos
572 3206 750 3262 sanctissima
764 3205 934 3263 Divitiarum

163 3287 316 3362 Majestas3
338 3285 401 3356 etsi,
417 3285 528 3342 funesta
542 3285 679 3356 Pecunia,
694 3285 799 3360 templo
1095 3289 1150 3346 1οἦ

165 3365 301 3424 Nondum
317 3364 436 3437 habitas,
452 3364 544 3421 nullas
558 3383 737 3422 nummorum
751 3365 893 3422 ereximus
907 3382 970 3422 aras

165 3446 201 3503 Ut
217 3444 318 3502 colitur
333 3443 402 3515 Pax,
417 3453 501 3518 atque
516 3441 611 3514 Fides,
628 3443 763 3514 Victoria,
781 3444 885 3516 Virtus,

161 3524 295 3598 Quaque
308 3522 429 3580 salutato
443 3522 562 3597 crepitat
576 3522 737 3578 Concordia
752 3522 826 3580 nido.

203 3603 260 3660 Sed
274 3619 361 3677 quum
378 3619 505 3658 summus
520 3602 608 3657 honor
623 3600 702 3658 finito
716 3613 860 3676 computet
874 3621 959 3675 anno,

1012 3435 1034 3473 k

164 3681 296 3759 Sportula
309 3681 377 3756 quid
391 3679 503 3752 referat,
518 3692 653 3754 quantum
669 3680 825 3737 rationibus
839 3681 924 3737 addat
932 3702 940 3752 ;
1097 3681 1150 3738 110

162 3761 245 3824 Quid
260 3761 365 3818 sacient
378 3760 506 3830 comites,
520 3760 623 3833 quibus
638 3759 794 3834 hinc-toga,
808 3759 922 3817 calceus
937 3759 1003 3817 hinc
1018 3769 1071 3826 est,

165 3841 201 3900 Et
216 3840 307 3918 panis,
322 3839 471 3914 sumusque
486 3839 583 3896 domil
625 3837 803 3895 Densissima
817 3854 933 3896 centum
