2666 4310
341 683 398 760 D.
437 683 1016 765 tuN11JUVENA1As

593 945 760 993 nemnem

488 1171 862 1238 SATIRARUM

516 1425 621 1478 LIBER
637 1427 831 1480 SECUNDUS.

556 1861 713 1922 SATIRA
738 1862 791 1922 vl.

217 2018 326 2078 Cnsnc
339 2017 506 2095 pudicitiam
523 2021 646 2079 Saturno
659 2041 726 2098 rege
740 2033 877 2080 moratum

177 2097 213 2157 In
227 2098 319 2172 terris,
335 2099 479 2175 visamque
493 2098 554 2172 diri,
568 2119 655 2176 quum
671 2101 773 2177 frigida
792 2121 891 2178 parvas

177 2177 322 2236 Praeberet
337 2179 474 2254 spelunca
488 2179 597 2251 domos,
613 2180 775 2256 ignemque,
790 2181 944 2258 laremque,

177 2257 214 2315 Et
228 2277 326 2334 pecus,
340 2269 370 2314 et
383 2258 514 2316 dominos
528 2259 674 2316 communi
689 2259 836 2318 clauderet
850 2261 968 2332 umbrd3

177 2337 341 2394 Silvestrem
355 2351 490 2394 montana
505 2351 598 2394 torum
612 2357 699 2414 quum
715 2351 853 2396 sterneret
864 2359 934 2398 uxor

177 2415 339 2472 Frondibus
353 2428 382 2472 et
396 2416 502 2488 culmo,
517 2417 730 2493 vicinarumque
747 2419 870 2476 serarum

176 2494 303 2552 Pellibus
312 2513 320 2564 ;
342 2495 418 2552 haud
433 2496 534 2554 similis
548 2497 610 2569 tibi,
625 2497 759 2572 Cynthia,
775 2517 829 2554 nec
844 2498 905 2572 tibi,
919 2497 1002 2576 cujus

176 2573 317 2632 Turbavit
331 2573 435 2632 nitidos
449 2576 607 2634 exstinctus
620 2597 716 2653 passer
729 2577 850 2648 ocellos;

176 2655 234 2712 Sed
249 2654 372 2730 potanda
386 2654 479 2712 serens
495 2655 650 2712 infantibus
665 2657 752 2714 ubera
766 2657 886 2732 magnis,

175 2734 213 2792 Et
227 2732 303 2810 saepe
318 2733 457 2791 horridior
471 2734 605 2810 glandem
621 2747 752 2794 ructante
766 2736 875 2794 marito.

174 2813 292 2891 Quippe
307 2813 388 2872 aliter
402 2827 473 2872 tunc
483 2816 552 2872 orbe
566 2833 638 2872 novo
652 2815 780 2890 coeloque
796 2815 904 2873 recenti

175 2894 318 2951 Vivebant
334 2893 473 2965 homines,
487 2893 534 2968 qui
550 2906 632 2970 rupto
646 2895 745 2952 robore
760 2894 829 2966 nati,

175 2973 367 3049 compositive
381 2973 450 3045 luto,
465 2973 558 3030 nullos
573 2972 699 3031 habuere
712 2986 853 3051 parentes.

176 3053 268 3110 Multa
282 3053 427 3129 pudicitiae
441 3053 543 3110 veteris
557 3053 675 3127 vestigia
690 3054 792 3125 forsan,

175 3135 236 3190 Aut
249 3132 343 3208 eliqua
357 3133 526 3204 exstiterint,
540 3143 569 3190 et
582 3133 635 3189 sub
649 3132 736 3202 Jove3
759 3134 808 3190 sed
823 3133 893 3191 Jove
907 3135 1034 3192 nondum
1133 3135 1170 3193 15

175 3213 308 3284 Barbato,
323 3213 451 3270 nondum
465 3212 575 3270 Graecis
587 3212 683 3288 jurare
697 3214 801 3289 paratis

174 3292 229 3349 Per
243 3304 330 3367 caput
343 3292 469 3363 alterius,
482 3311 570 3367 quum
585 3291 675 3348 furem
690 3311 775 3350 nemo
788 3292 900 3366 timeret

174 3371 324 3443 Caulibus,
339 3382 389 3429 aut
401 3372 502 3447 pomis,
517 3384 546 3429 et
561 3383 657 3446 aperto
672 3372 776 3430 viveret
790 3373 880 3429 horto.

174 3451 317 3508 Paulatim
332 3451 437 3509 deinde
452 3451 487 3508 ad
502 3469 620 3526 superos
635 3452 746 3508 Astraea
760 3451 877 3508 recessit

174 3530 241 3587 ilde
255 3531 369 3603 comite,
384 3542 468 3606 atque
482 3531 546 3587 duae
560 3530 664 3606 pariter
679 3529 778 3603 fugire
792 3549 909 3588 sorores.
1128 3531 1169 3588 2⁰

174 3611 334 3685 Antiquum
348 3621 377 3667 et
392 3623 470 3668 vetus
484 3622 536 3681 est,
552 3610 687 3680 alienum,
702 3608 847 3680 Postume,
862 3609 967 3665 lectum

174 3688 347 3761 concutere,
362 3701 446 3765 atque
460 3691 532 3747 sacri
547 3690 664 3766 genium
678 3701 862 3746 contemnere
878 3688 967 3745 fulcri.

174 3768 269 3826 Omne
284 3767 359 3826 aliud
375 3771 484 3826 crimen
499 3788 564 3826 mox
579 3769 669 3826 ferrea
683 3769 798 3843 protulit
812 3779 896 3824 aetas:

178 3847 317 3906 Viderunt
330 3849 435 3923 primos
449 3863 584 3928 argentee
597 3848 702 3906 secula
717 3849 850 3904 moechos.
