2666 4310
199 277 237 333 58
510 273 541 321 l).
559 272 654 322 JUNll
672 272 867 321 rutundus

199 415 235 472 Ut
249 415 385 490 captatori
400 431 510 474 moveat
525 417 636 474 fastidia
649 415 747 474 Cosso.

198 493 264 552 Non
279 495 378 551 eadem
394 496 450 552 vini
465 509 547 571 utque
563 496 629 566 cibi,
644 505 773 569 torpente
787 491 891 570 palate,

197 573 393 631 Gaudia-

395 671 463 710 nam
477 672 541 730 quae
554 662 691 710 cantante
706 650 845 725 voluptas,

197 730 241 787 Sit
254 728 322 788 lieet
335 730 456 787 eximius
468 731 648 800 citharedus,
663 731 732 786 sitve
748 731 896 801 Seleucus,

200 808 233 866 Et
246 810 348 884 quibus
362 809 459 866 aurati
475 829 534 867 mos
548 823 590 866 est
604 810 711 884 fulgere
726 808 841 866 lacerna
855 810 866 864 l

195 889 276 949 Quid
291 889 384 959 refert,
399 890 494 964 magni
509 890 606 946 sedeat
619 888 675 962 quri
688 899 766 962 parte
780 887 892 959 theatri,

195 967 256 1028 Qui
270 966 317 1023 vix
329 967 489 1025 cornicines
503 967 635 1024 exaudiat
648 979 731 1042 atrine
744 967 876 1023 tubarum

195 1046 384 1104 Concentusl
404 1047 527 1104 elamore
539 1065 611 1122 opus
623 1057 676 1118 est,
692 1057 724 1103 ut
737 1046 839 1102 sentiat
852 1044 940 1118 auris,

194 1124 291 1185 Quem
307 1125 383 1182 dicat
396 1126 505 1182 venisse
519 1144 599 1201 puer,
613 1135 680 1201 quet
694 1124 806 1182 nuntiet
820 1125 911 1182 horas.

198 1203 334 1261 Praeterea
350 1205 484 1262 minimus
497 1205 592 1280 gelido
603 1204 661 1280 jam
675 1222 792 1279 corpore
806 1203 921 1279 sanguia

199 1283 287 1340 Febre
301 1283 375 1340 calet
388 1284 467 1351 sold;
489 1283 655 1340 circumsilit
669 1283 783 1358 agmine
798 1283 872 1340 facto

198 1361 359 1419 Morborum
373 1382 458 1419 omne
472 1381 581 1438 genus:
602 1380 722 1437 quorum
737 1362 760 1417 si
774 1360 890 1418 nomina
903 1377 1021 1435 quteras¹

199 1438 356 1516 Promptiirs
369 1442 528 1516 expediam,
542 1452 609 1515 quot
622 1439 757 1498 amaverit
771 1439 878 1515 Hippia
891 1440 1017 1497 moechos

194 1519 276 1580 Quot
289 1519 447 1576 Themison
462 1539 551 1596 egros
566 1533 702 1576 autumno
715 1519 852 1576 occiderit
866 1537 933 1590 uno,

195 1597 276 1658 Quot
290 1598 402 1656 Basilus
416 1600 516 1669 socioS,
531 1609 599 1672 quot
612 1599 866 1673 circumscripserit
880 1597 984 1654 Hirrus

196 1675 321 1752 Pupillos
332 1697 419 1746 ;--

428 1753 522 1827 citihs,
536 1767 603 1830 quot
617 1755 694 1812 villas
708 1755 849 1830 possideat
863 1774 951 1826 nunc,

195 1834 264 1895 Quo
276 1835 413 1892 tondente
427 1836 519 1912 gravis
531 1835 627 1910 juveni
642 1835 710 1892 mihi
727 1835 811 1890 barba
825 1834 950 1891 sonabat.

196 1913 248 1970 llle
262 1915 389 1986 humero,
404 1916 450 1972 hic
465 1914 577 1984 lumbis,
593 1914 721 1977 hiecoxi
735 1913 846 1982 debilis,
861 1913 960 1970 ambos

195 1991 321 2050 Perdidit
336 1993 381 2050 ille
394 1995 501 2062 oculos,
515 2005 542 2050 et
557 1993 642 2050 luscis
657 1993 781 2049 invidet:
803 1991 886 2067 hujus

196 2071 304 2128 Pallida
317 2073 394 2129 labra
408 2073 503 2128 cibum
518 2072 663 2146 accipiunt
676 2071 773 2146 digitis
786 2071 895 2128 alienis.

195 2149 260 2226 Ipse
274 2152 309 2207 ad
324 2163 506 2226 conspectum
521 2169 610 2208 coenae
625 2151 760 2208 diducere
774 2151 876 2208 rictum

196 2229 309 2300 Suetus,
325 2230 383 2286 hiat
396 2228 517 2302 tannim,
532 2249 585 2286 ceu
599 2229 692 2304 pullus
707 2229 876 2300 hirundinis,
891 2229 927 2286 ad
940 2245 1025 2304 quent

194 2306 254 2364 Ore
266 2308 338 2364 volat
352 2309 436 2383 pleno
451 2321 539 2365 mater
552 2309 657 2384 jejuna.
699 2308 757 2364 Sed
770 2309 848 2365 omui

195 2384 388 2444 Membrorum
403 2387 507 2444 damno
522 2387 607 2462 major
623 2387 775 2457 dementia,
789 2405 851 2462 quae
866 2404 921 2443 nec

196 2463 320 2522 Nomina
333 2485 487 2535 servorum,
501 2485 556 2523 nec
570 2466 676 2522 vultum
692 2465 820 2540 agnoseit
834 2464 929 2537 amici,

195 2541 269 2598 Cum
283 2562 339 2618 quo
352 2545 494 2620 praeteritri
508 2546 630 2602 coenavit
643 2556 744 2613 nocte;
766 2563 821 2601 neo
835 2543 906 2614 illos,

194 2621 277 2681 Quos
290 2624 399 2696 genuit,
413 2643 483 2697 quos
496 2625 600 2680 eduxit.
643 2623 718 2680 Nam
734 2623 834 2680 codiee
848 2641 922 2680 saevo

194 2700 333 2758 Haeredes
347 2713 421 2781 vetat
435 2721 497 2759 esse
511 2721 593 2770 suos;
615 2703 689 2759 bona
703 2713 761 2758 tota
776 2703 903 2758 seruntur

197 2781 242 2836 Ad
257 2780 405 2868 Phialenrl(
415 2778 524 2839 tannim
539 2781 654 2838 artificis
670 2781 742 2836 valet
756 2781 859 2838 halitus
872 2780 940 2852 oris,
1045 2843 1049 2853 ‚

194 2859 281 2920 Quod
296 2871 411 2917 steterat
425 2861 520 2916 multis
535 2861 563 2917 in
579 2878 693 2916 carcere
708 2859 823 2916 fornicis
837 2860 948 2952 annis.)
959 2857 973 2914 -s‘
983 2858 1040 2892 Μ

194 2938 231 2995 Ut
245 2939 357 3013 vigeant
371 2959 470 2996 sensus
484 2940 582 3010 animi,
596 2939 728 2996 ducenda
742 2950 835 2994 tamen
850 2948 916 2996 suut

195 3017 308 3074 llunera
321 3031 460 3089 natorum,
476 3037 559 3093 rogus
574 3017 774 3092 adspiciendus
788 3028 888 3074 amate

194 3095 331 3170 Conjugis
344 3108 373 3154 et
387 3098 488 3166 fratria,
500 3097 646 3172 plenaeque
660 3097 800 3154 sororibus
814 3113 902 3154 urnae.

195 3174 267 3230 Haec
281 3175 346 3232 data
359 3195 443 3250 poeua
457 3173 506 3232 dia
522 3175 688 3246 viventibus,
704 3187 743 3246 ut,
758 3175 891 3232 renovati

195 3253 312 3328 Semper
328 3255 408 3310 clade
422 3255 532 3326 demtis,
547 3255 642 3312 multis
656 3255 684 3310 in
700 3253 832 3326 luctibus,
847 3253 933 3328 inque

196 3331 334 3406 Perpetuo
348 3353 476 3404 moerore,
491 3345 519 3390 et
533 3333 615 3408 nigri
630 3344 706 3390 veste
725 3343 883 3389 senescant.

195 3410 261 3467 Rex
275 3410 382 3486 Pylius,
397 3431 500 3486 magno
514 3413 537 3468 si
551 3413 703 3486 quidquam
715 3412 808 3468 credis
824 3411 960 3482 Homero,

195 3487 362 3564 Exemplum
379 3491 441 3548 vitae
456 3491 508 3548 fuir
522 3511 538 3548 a
552 3491 666 3554 comice
677 3491 820 3546 secunde.

196 3567 277 3625 Felix
291 3569 433 3641 nimirum,
448 3571 495 3644 qui
510 3581 550 3627 tot
563 3589 612 3644 per
626 3569 731 3626 saecula
745 3579 862 3626 mortem

196 3647 320 3720 Distulit,
335 3663 418 3723 atque
432 3668 497 3705 suos
508 3650 566 3725 jam
582 3648 679 3705 dextri
694 3659 837 3722 computat
851 3666 950 3718 annos,

203 3725 311 3802 buique
325 3747 427 3785 novum
443 3728 524 3785 toties
539 3739 661 3784 mustum
677 3727 755 3783 bibit.
796 3726 866 3796 Oro,
881 3743 1030 3803 parumper

207 3803 495 3882 ltteudas,qu'an1irm
510 3807 544 3864 de
559 3806 670 3882 legibus
686 3807 744 3880 ipse
758 3815 889 3880 queratur
1020 3823 1021 3826 ’
