2652 4308
113 287 152 346 73
431 271 463 320 D.
479 265 576 318 JUNll
594 255 788 312 iuventus

114 429 189 484 Sunt
201 419 331 500 quedam
346 415 475 473 vitiorum
490 411 649 498 elementa:
671 363 919 492 hisiiiot'qnm'llt‘
930 377 946 470 'r

116 503 232 574 imbuit,
246 511 275 558 et
288 497 365 586 cogit
378 495 509 582 minimas
523 489 650 578 ediscere
665 407 1040 588 sopleslllffmztm
1054 531 1112 592 ¹25

117 585 185 640 Mox
200 577 365 654 acquirendi
380 575 463 630 docet
478 565 635 626 insatiabile
649 575 755 617 votum.

117 665 269 718 Servorum
284 669 395 712 ventres
408 650 503 708 modio
516 645 635 718 castigat
646 639 762 725 iniquo&
859 709 865 720 υ

118 741 183 816 Ipse
197 753 308 812 quoque
322 731 467 790 esuriens:
488 721 671 798 nequeenim
685 733 783 774 omnm
797 717 918 768 susttrmt
931 712 1059 775 unquam

1 827 11 856 '²
20 833 31 854 ·’
79 827 91 848 ²
119 817 239 890 Muoida
252 811 368 871 cerulei
382 809 464 886 ponis
477 819 645 862 consumere
659 798 757 886 frusta,
773 821 952 906 »ws-mm
961 783 999 835 ὢ

98 902 102 914 ’
120 897 297 954 Hesternum
311 891 410 948 solitus
423 886 519 944 medio
532 897 642 939 servare
656 867 775 944 minutal
792 911 796 922 ι
895 897 916 914 υ

121 971 297 1049 Septembri:
319 985 444 1026 necnon
459 962 572 1021 differre
586 961 614 1016 in
629 969 757 1030 tempora
770 964 865 1059 cuman<
896 1003 912 1019 ,
928 1031 965 1055 'v

121 1052 249 1110 Alterius
263 1041 402 1109 conchem
414 1043 538 1102 aestivam
552 1057 618 1095 cum
632 1046 711 1112 parte
725 1031 824 1098 111ῠέῐῦ
852 1062 871 1075 *
921 1046 924 1054 '

117 1114 282 1205 Signatum,
298 1125 340 1183 vel
355 1123 473 1182 dimidio
486 1119 616 1198 putrique
629 1114 726 1182 siluro,
761 1188 767 1200 ²

126 1209 243 1281 Filaque
258 1205 356 1262 sectivi
371 1213 520 1260 numerate
533 1196 680 1254 includere
695 1207 778 1278 porri.

124 1285 265 1342 Invitatus
279 1285 314 1340 ad
329 1284 392 1338 bec
406 1281 506 1354 aliquis
519 1279 555 1334 de
569 1287 654 1351 ponte
669 1268 791 1345 negabit

125 1365 183 1420 Sed
198 1361 255 1436 qud
269 1362 381 1418 divitias
395 1361 457 1416 haec
470 1377 521 1434 per
534 1362 674 1413 tormenta
688 1357 811 1436 coactus,
985 1400 997 1422 ς

124 1441 227 1501 Quum
242 1441 317 1496 [inor
331 1439 407 1496 haud
421 1439 535 1506 dubius,
550 1449 637 1508 quum
650 1430 687 1486 sit
700 1422 850 1482 manifeste
862 1417 1024 1492 phrenesis,

127 1519 164 1575 Ut
179 1518 305 1592 locuples
316 1518 454 1586 moriaris,
468 1513 579 1590 egentis
594 1513 686 1567 vivere
700 1503 779 1562 lstol

129 1597 242 1652 Interea
255 1595 339 1670 pleno
352 1613 440 1668 qunm
454 1604 549 1667 turget
560 1587 692 1676 sacculus
705 1601 764 1650 ore,
808 1655 814 1667 .
918 1650 924 1662 Ι
948 1665 955 1680 ⁸

128 1675 243 1730 Crescit
257 1692 335 1730 amor
350 1673 469 1742 nummi,
483 1667 621 1745 quantirm
636 1681 696 1740 ipsa
710 1674 835 1750 pecuum
848 1660 956 1717 crem,
1091 1717 1132 1772 4⁰

129 1751 167 1808 Et
181 1750 276 1808 minirs
291 1752 366 1806 hanc
381 1761 468 1825 optat,
481 1749 529 1823 qui
544 1765 602 1804 non
617 1743 724 1830 babet..
753 1737 831 1810 Ergo
845 1740 964 1808 paratur
1073 1718 1088 1775 l

130 1829 231 1886 Altera
244 1829 311 1885 villa
324 1828 386 1899 tibi,
400 1847 487 1902 quum
502 1845 550 1883 rus
563 1843 620 1881 non
634 1819 739 1877 suflicit
753 1831 854 1883 uuum,

131 1905 168 1962 Et
181 1907 306 1981 prolerre
320 1907 388 1962 libet
402 1907 491 1974 lines3
513 1903 656 1978 majorque
670 1898 780 1953 videtur

130 1981 169 2039 Et
183 1985 282 2041 melior
296 1984 390 2040 vicina
403 2001 504 2058 seges:
525 1978 661 2038 mercaris
673 1987 702 2032 et
718 1975 804 2062 banc,
818 1979 848 2026 et

132 2061 269 2132 Arbusta,
283 2073 312 2117 et
325 2062 414 2117 densa
429 2073 553 2116 montem
567 2057 616 2132 qui
630 2051 809 2111 canetolrvd.
852 2043 874 2168 l
897 2035 911 2091 s
1099 2111 1142 2168 45

130 2136 264 2196 Quorum
279 2139 303 2194 si
317 2139 406 2212 pretio
420 2139 552 2194 dominus
565 2154 623 2192 non
639 2132 762 2189 vincitur
777 2127 847 2198 ullo,
1083 2114 1093 2170 l

132 2212 226 2272 Nocte
241 2217 326 2272 boves
340 2215 438 2284 macri,
450 2216 578 2288 lassoque
593 2211 724 2269 famelica
737 2207 814 2298 collo

131 2289 149 2342 J
152 2304 269 2349 umente
283 2292 319 2348 ad
334 2291 438 2346 virides
452 2293 535 2366 hujus
549 2293 697 2348 mittentur
712 2297 830 2352 srrstas;

132 2365 197 2423 Nec
210 2367 290 2443 priris
305 2369 371 2422 inde
385 2369 510 2437 domurn,
525 2369 610 2442 qudm
625 2378 683 2424 tota
696 2364 813 2422 novalia
826 2375 916 2418 saevos

132 2441 168 2500 In
183 2459 294 2502 ventres
309 2445 422 2512 abeant,
437 2457 467 2500 ut
482 2447 581 2502 credas
597 2445 717 2502 falcibus
731 2455 839 2499 actum.

132 2517 236 2578 Dicere
251 2523 298 2578 vix
312 2521 411 2594 possis,
425 2521 509 2594 quiam
526 2524 606 2578 multi
622 2523 689 2579 talia
703 2523 828 2596 plorent,

132 2594 170 2652 Et
183 2611 251 2671 quot
266 2598 382 2654 venales
398 2599 500 2672 injuria
514 2601 613 2656 lecerit
627 2620 720 2675 agros.

132 2674 190 2730 Sed
204 2677 252 2749 qui
270 2678 435 2731 sermonesl
455 2675 540 2750 qudm
556 2678 638 2733 foedae
655 2679 784 2734 buccine
799 2673 905 2731 famael

132 2749 212 2810 Quid
228 2745 316 2808 nocet
332 2753 407 2806 hocl
430 2753 529 2826 inquit.
573 2755 722 2810 Tunicam
740 2754 814 2810 mibi
828 2750 906 2808 malo
918 2744 1028 2822 lupini,

130 2827 231 2887 Quam
247 2830 271 2884 si
288 2847 334 2883 me
349 2841 408 2885 toto
421 2830 519 2887 laudet
533 2831 639 2887 vicinia
650 2851 737 2908 pago,

131 2901 235 2978 Exigui
251 2905 326 2960 ruris
340 2907 510 2978 paucissimo
525 2909 600 2964 lurra
614 2923 777 2966 secantem.
1099 2901 1163 2958 155

131 2980 251 3036 Scilicet
265 2992 294 3035 et
310 2983 413 3038 morbis
427 2995 455 3039 et
469 2985 618 3041 debilitate
634 2989 762 3058 carebis,

131 3054 167 3111 Et
181 3057 293 3111 luctum
308 3069 337 3112 et
351 3077 446 3115 curam
461 3062 593 3136 effugies,
603 3075 633 3118 et
647 3076 783 3137 ternpore
798 3065 866 3120 vitte

130 3129 232 3204 Longa
245 3132 298 3186 tibi
312 3146 374 3204 post
389 3136 450 3190 baeo
465 3138 520 3194 fato
535 3140 655 3195 meliore
671 3143 836 3214 dabuntur,

130 3207 161 3268 Si
176 3218 290 3262 tanturn
305 3209 373 3263 culti
388 3212 462 3266 solus
476 3217 640 3286 possederis
656 3208 733 3291 agri,

128 3281 283 3339 Quantum
300 3283 353 3336 sub
367 3285 451 3342 Tatio
460 3292 582 3363 populus
599 3294 760 3352 Romanus
775 3297 888 3354 arabat.
1113 3296 1176 3354 llll]

990 926 1120 987 ·ttto

974 1023 1014 1066 ills

1068 1323 1127 1383 135

21 3388 26 3398 .
129 3354 198 3416 Mox
214 3357 304 3410 etiarn
321 3359 413 3415 fractis
427 3376 508 3420 aetute
523 3387 558 3422 ac
574 3370 692 3426 Punica
708 3374 804 3445 passis

129 3431 244 3500 Proelia,
261 3433 304 3488 vel
320 3433 455 3506 Pyrrhum
470 3441 642 3515 immanem,
658 3449 834 3525 gladiosque
850 3451 1016 3526 Molossos,

128 3506 266 3562 'tandem
282 3527 333 3580 pro
348 3513 442 3566 multis
457 3515 500 3570 vix
513 3519 619 3592 jugera
636 3525 707 3580 bina
723 3528 873 3586 dabuntur

130 3579 318 3669 Vulneribus.
361 3585 472 3644 Merces
485 3612 519 3648 ea
535 3602 694 3670 sanguinis
710 3615 799 3676 atque
815 3607 927 3664 laboris

131 3655 226 3729 Nullis
238 3673 298 3714 visa
313 3677 435 3732 unquam
450 3669 559 3725 meritis
575 3676 685 3745 minor,
702 3691 754 3734 aut
770 3681 895 3755 ingratae
1127 3691 1192 3750 165

113 3730 222 3807 scurra
236 3733 310 3790 fides
322 3739 427 3810 petriae.
469 3742 629 3806 Saturabat
643 3755 768 3826 glebula
781 3761 850 3818 tulis
