2666 4310
579 236 703 285 SATlRA
721 237 769 285 Ill.

177 379 344 454 Gymnasia,
359 391 442 455 atque
456 379 522 437 audi
537 380 649 438 lacinus
663 379 777 456 majoris
791 380 898 439 abollae.

177 459 292 516 Stoicus
306 461 412 517 occidit
426 461 555 531 Baream,
571 460 678 517 delator
693 461 827 530 amicum,

177 536 411 613 Discipulumque
426 559 523 609 senex,
539 539 599 613 ripd
614 539 735 595 nutritus
750 539 779 595 in
794 539 852 607 illa,

176 617 223 672 Ad
239 637 323 691 qnam
338 618 481 694 Gorgonei
497 618 611 692 delapsa
626 628 669 673 est
682 620 769 692 pinna
783 617 893 674 caballi.

175 695 243 752 Non
258 707 301 753 est
315 696 447 754 Romano
462 697 594 770 cuiqnam
608 697 688 753 locus
704 695 761 766 hio,
776 697 824 753 ubl
838 708 938 771 regnat

177 774 348 850 Protogenes
362 776 471 850 aliquis,
486 777 528 832 vel
544 775 685 850 Diphilus,
701 787 749 831 aut
774 773 969 848 Erimarchus,

173 853 235 914 Qui
250 855 344 930 gentis
358 855 425 912 vitio
440 873 585 928 nunquam
599 854 717 929 partitur
732 853 864 910 amicum.

174 933 259 989 Solus
274 935 366 990 habet.
408 933 483 990 Nam
498 951 585 1007 quum
600 933 711 989 facilem
727 933 841 990 stillavit
855 933 884 989 in
906 951 1002 992 aurern

177 1010 319 1087 Exiguum
334 1013 369 1070 de
384 1025 492 1070 naturae
506 1012 659 1087 patriaeque
674 1031 792 1084 veneno,

174 1090 287 1148 Limine
303 1093 485 1150 submoveor:
507 1092 651 1166 perierunt
664 1101 791 1166 tempora
805 1091 883 1165 longi

173 1170 295 1228 servitii.
337 1169 486 1246 Nusquam
502 1171 593 1227 minor
607 1182 650 1228 est
660 1170 772 1246 jactura
785 1170 905 1227 clientis.

171 1247 259 1309 Quod
274 1248 356 1326 porro
371 1250 507 1321 officinm,
522 1269 558 1306 ne
573 1250 655 1306 nobis
670 1250 808 1320 blandiar,
824 1260 872 1306 aut
886 1250 961 1324 quod

171 1327 308 1404 Pauperis
321 1328 370 1386 hlc
384 1329 526 1400 meritum,
541 1329 564 1385 si
580 1341 660 1386 curet
674 1345 757 1386 nocte
771 1339 884 1404 togatus

171 1406 304 1480 Currere,
318 1427 405 1482 quum
419 1420 520 1483 praetor
533 1409 659 1464 lictorem
676 1408 809 1482 impellat,
823 1419 852 1463 et
862 1406 903 1464 ire

170 1485 348 1562 Praecipitem
367 1488 466 1563 jubeat
479 1488 586 1543 dudum
601 1487 782 1562 vigilantibus
795 1486 880 1557 orbis,

170 1564 217 1622 Ne
231 1567 306 1640 prior
320 1567 456 1623 Albinam
469 1579 498 1623 et
513 1565 639 1623 Modiam
654 1567 763 1642 collega
778 1566 881 1622 salutet
888 1566 940 1623 l-

169 1643 215 1702 Da
229 1657 329 1702 testem
345 1645 447 1703 Romae
461 1657 517 1701 tam
533 1659 674 1716 sanctum,
688 1644 774 1720 qnam
790 1645 842 1702 suit
856 1645 959 1720 hospes

169 1722 305 1781 Numinis
319 1723 407 1781 Idaei:
429 1728 564 1800 procedat
578 1725 620 1780 vel
634 1724 741 1794 Numa,
756 1724 798 1780 vel
813 1724 860 1798 qui

169 1803 297 1861 Servavit
311 1805 448 1879 trepidam
464 1803 594 1879 flagranti
608 1823 643 1860 ex
659 1805 719 1860 aede
734 1803 912 1860 Minervam:

168 1881 309 1939 Proteuns
323 1883 359 1940 ad
374 1901 501 1954 censum,
517 1884 552 1939 de
567 1883 691 1939 moribus
706 1883 805 1939 ultima
818 1882 866 1940 liet

166 1960 307 2023 Quaestio.
347 1961 428 2024 Quot
441 1962 533 2038 pascit
546 1962 660 2017 servosl
681 1973 749 2036 quot
762 1962 887 2036 possidet
901 1961 961 2036 agri

167 2039 185 2096 J
188 2041 299 2116 ugeral
319 2039 405 2116 qnam
416 2042 505 2098 multa
520 2041 680 2116 magnaque
694 2040 841 2116 paropside
855 2041 970 2097 coenatl

166 2117 318 2179 Quantum
333 2122 451 2197 quisque
466 2121 518 2177 sud
533 2137 714 2176 nummorum
729 2130 820 2176 servat
836 2119 864 2175 in
879 2119 956 2190 arca,

167 2197 294 2256 Tantum
310 2201 437 2257 habetet
451 2199 524 2257 fidei.
566 2198 584 2254 J
588 2219 651 2257 ures
665 2199 735 2256 licet
748 2211 776 2255 et
791 2198 1008 2256 Samothracum

166 2276 204 2334 Et
219 2290 375 2336 nostrorum
390 2299 468 2349 aras3
490 2290 672 2336 contemnere
688 2278 806 2334 fulmina
819 2296 926 2353 pauper

166 2355 300 2416 Creditur
316 2371 399 2434 atque
413 2359 491 2430 deos,
506 2356 551 2414 dis
566 2358 780 2432 ignoscentibus
794 2357 870 2432 ipsis.

164 2435 256 2508 Quid,
270 2435 346 2513 quod
362 2438 508 2496 materiam
519 2438 625 2512 praebet
638 2456 794 2511 causasque
806 2437 934 2512 jocorum

165 2514 310 2574 Omnibus
322 2517 368 2574 hic
382 2519 468 2588 idem,
483 2517 507 2573 si
523 2516 598 2573 freda
610 2529 640 2574 et
653 2517 741 2573 scissa
755 2517 881 2586 lacerna,

166 2593 197 2651 Si
212 2607 278 2670 toga
292 2597 436 2653 sordidula
450 2607 502 2667 est,
517 2607 545 2652 et
559 2595 642 2670 rupta
655 2596 770 2652 calceus
784 2595 853 2651 alter

165 2672 242 2731 Pelle
256 2686 348 2750 patet;
371 2676 413 2732 vel
429 2676 451 2732 si
467 2686 586 2731 consuto
600 2675 716 2731 vulnere
730 2692 858 2730 crassum

164 2753 260 2828 Atque
274 2773 374 2812 recens
388 2756 477 2812 linum
491 2755 617 2811 ostendit
630 2774 687 2810 non
702 2773 760 2810 una
772 2751 912 2811 cicatrixl

163 2831 214 2889 Nil
228 2833 313 2890 habet
326 2833 424 2891 infelix
437 2845 588 2910 paupertas
602 2833 700 2890 durius
714 2833 743 2888 in
757 2851 797 2903 se,

162 2910 262 2973 Quam
276 2911 352 2988 qudd
368 2913 503 2970 ridiculos
517 2912 646 2970 homines
661 2912 736 2968 lacit.
779 2910 879 2982 Exeat,
894 2909 995 2985 inquit,
1095 2913 1151 2970 135

164 2991 195 3048 Si
210 2993 299 3066 pudor
314 3003 366 3063 est,
381 3004 410 3050 et
423 2993 459 3049 de
479 2992 594 3067 pulvino
609 3005 705 3066 surgat
719 2989 852 3064 equestri,

163 3069 253 3146 Cujus
268 3090 312 3128 res
325 3072 382 3146 legi
397 3091 454 3129 non
469 3071 582 3141 sufficit,
598 3082 626 3126 et
640 3071 758 3126 sedeant
772 3069 820 3126 hio

162 3147 313 3206 Lenonum
327 3151 406 3226 pueri
421 3168 589 3224 quocunque
604 3149 633 3206 in
648 3149 756 3206 somice
769 3149 838 3206 nati.

163 3227 221 3285 Hic
235 3229 352 3304 plaudat
366 3230 447 3286 nitidi
462 3229 600 3304 praeconis
612 3228 686 3285 filius
701 3228 773 3284 inter

161 3306 306 3384 Pinnirapi
321 3309 413 3368 cultos
424 3310 554 3384 juvenes,
563 3308 737 3383 juvenesque
752 3307 869 3366 lanistae.

161 3385 211 3443 Sic
225 3387 335 3444 libitum
351 3407 433 3458 vano,
447 3388 495 3462 qui
509 3406 561 3444 nos
575 3387 713 3457 distinxit,
727 3384 845 3446 Othoni.

159 3465 237 3526 Quis
251 3486 339 3542 gener
354 3465 402 3523 hio
413 3467 519 3542 placuit
533 3485 621 3522 censu
638 3466 739 3536 minor,
754 3477 838 3540 atque
852 3465 955 3541 puellas

160 3545 317 3602 Sarcinulis
332 3546 421 3621 impar
433 3546 444 3601 l
465 3546 528 3620 quis
541 3564 648 3620 pauper
662 3544 794 3601 scribitur
809 3545 921 3602 haeres'l

159 3623 286 3685 Quando
300 3625 329 3681 in
344 3624 463 3681 oonsilio
477 3636 520 3680 est
534 3624 679 3681 aedilibusl
721 3624 846 3698 Agmine
861 3625 935 3681 sacto

159 3701 325 3761 Debuerant
338 3703 405 3760 olim
420 3714 521 3760 tenues
535 3703 675 3778 migrdsse
688 3701 827 3763 Quirites.

162 3779 247 3840 Haud
262 3781 344 3840 facile
359 3794 518 3859 emergunt,
533 3801 651 3856 qrrornm
666 3781 815 3839 virtutibus
827 3781 921 3840 obstat
