2666 4310
567 271 689 320 SATlllA
708 271 783 318 Xlll.

179 415 314 474 Culmine
329 413 452 482 delubri,¹
463 425 598 489 tanquam
613 415 641 471 in
657 434 733 470 mare
749 407 962 471 fluxerit'amnis

178 494 346 570 Gurgitibus
361 493 449 563 miris,
464 506 492 549 ct
507 493 586 549 lactis
601 495 705 552 vortice
719 503 837 548 torrens

222 575 380 647 Intercepta
394 573 494 628 decem
508 571 633 646 quereris
647 572 773 627 sestertia
789 571 885 627 sraude

180 651 348 728 Sacrilegril
368 650 449 711 Quid
465 651 487 706 si
503 651 546 706 bis
560 662 675 706 centum
691 649 813 724 perdidit
827 649 898 706 alter

182 731 246 789 Hoc
257 749 363 788 arcana
377 730 481 788 modol
502 729 636 804 majorem
651 727 750 784 tertius
765 727 813 784 illa

180 812 339 880 Summam,
354 828 436 884 quam
453 807 555 881 patulae
571 806 615 863 vix
629 819 743 881 ceperat
758 807 878 881 angulus
893 807 986 863 arcael

180 889 255 947 Tam
270 887 352 946 facile
367 899 395 944 et
407 905 528 962 pronum
543 899 586 946 est
600 905 715 960 superos
729 897 914 942 contemnere
928 895 1024 956 testes,

181 969 211 1024 Si
228 967 351 1025 mortalis
365 965 441 1024 idem
455 965 634 1022 nemosciat!
678 964 813 1038 Adspice,
828 964 933 1038 quantit

183 1047 260 1104 Voce
274 1046 379 1122 negetl
399 1063 462 1119 quae
476 1045 512 1100 sit
526 1043 583 1100 licti
598 1043 757 1100 constantia
772 1042 882 1100 vultrisl

181 1125 235 1182 Per
249 1125 315 1182 solis
329 1125 431 1195 radios,
443 1123 622 1198 Tarpeiaque
638 1123 757 1179 fulmina
768 1121 852 1196 jurat,

181 1203 219 1260 Et
231 1203 331 1260 Martis
345 1203 489 1274 frameam,
504 1214 532 1258 et
546 1201 665 1258 Cirrhaei
680 1201 789 1276 spicula
803 1201 883 1271 vatis,

181 1281 235 1340 Per
249 1283 373 1339 calamos
386 1281 535 1338 venatricis
548 1281 762 1356 pharetramque
778 1280 892 1352 Puellae,

184 1361 291 1436 Perque
305 1373 396 1431 tuum,
410 1371 488 1436 pater
503 1360 596 1436 AEgaei
612 1359 756 1434 Neptune,
772 1359 940 1428 tridentem;

184 1441 272 1498 Addit
285 1452 314 1498 et
327 1439 485 1496 Herculeos
499 1458 591 1509 arcus,
607 1440 770 1513 hastamque
786 1437 931 1510 Minervae,

181 1519 331 1593 ttuiuqutl
346 1519 451 1575 habent
465 1518 585 1574 telorum
600 1517 816 1574 armamentaria
830 1518 903 1574 coeli.
978 1561 980 1576 ζ

121 1659 125 1663 ,
183 1599 215 1654 Si
229 1595 295 1654 verb
310 1611 334 1654 rt
352 1610 430 1672 pater
444 1609 504 1653 est:
526 1597 693 1668 Comedam‚
709 1597 808 1670 inquit,
824 1595 916 1653 flebile
931 1593 990 1653 nati

184 1675 316 1752 Sinciput
329 1674 406 1747 elini,
421 1675 578 1750 Pharioque
594 1675 734 1732 madentis
748 1688 835 1732 aceto.

223 1758 306 1826 Sunt,
322 1755 350 1812 in
367 1754 499 1812 Portunae
514 1755 560 1832 qui
576 1755 688 1810 casibus
702 1754 797 1810 omnia
810 1765 926 1828 ponant,
938 1755 990 1832 57
1007 1758 1032 1809 l·

185 1833 222 1891 Et
237 1825 313 1892 u'ullo
328 1835 446 1890 credant
462 1829 598 1889 mundum
613 1848 721 1890 rectore
737 1833 852 1904 moveri,

184 1912 296 1970 Natura
310 1913 436 1970 volvente
450 1913 525 1968 vices
538 1925 567 1968 et
582 1912 662 1983 lucis,
677 1925 704 1968 et
719 1911 803 1980 anni;

185 1993 278 2067 Atque
294 1992 357 2049 ideo
372 1991 503 2066 intrepidi
518 2009 694 2064 quacunque
709 1991 806 2047 altaria
821 2001 951 2065 tangunt.

174 2071 238 2128 'Est
252 2072 333 2140 alius,
348 2082 478 2127 metuens
492 2089 529 2126 ne
543 2069 650 2125 crimen
666 2089 750 2144 pinna
764 2083 912 2142 suquatur:

185 2149 242 2207 Hic
256 2161 336 2227 putat
349 2169 411 2206 esse
425 2149 503 2220 deos,
518 2159 546 2204 et
560 2148 675 2222 pejerat,
690 2160 773 2222 atque
788 2149 826 2205 ita
840 2166 952 2204 secum:

185 2228 336 2299 Decernat‚
350 2228 538 2302 quodcunque
554 2227 635 2298 volet,
650 2227 685 2283 de
700 2245 816 2302 corpore
831 2238 926 2284 nostro

187 2306 248 2379 lsis,
261 2319 290 2364 et
304 2307 374 2364 irato
388 2305 468 2363 feriat
481 2325 544 2362 moa
558 2305 664 2362 lumina
678 2305 769 2376 sistr0,

185 2385 346 2442 Dummodo
360 2385 401 2442 vel
416 2403 511 2441 caecus
525 2396 647 2455 teneam,
661 2403 730 2459 quos
744 2385 864 2460 abneg0,
879 2403 1018 2442 nummos.

185 2464 222 2522 Et
235 2465 364 2540 phthisis,
379 2476 407 2521 et
422 2464 537 2520 vomicae
552 2474 656 2538 putres,
671 2475 699 2520 et
713 2464 862 2521 dimidium
876 2483 942 2521 crus

185 2545 260 2601 Sunt
273 2543 364 2600 tantil
406 2541 516 2616 Pauper
529 2543 700 2617 locupletem
708 2554 804 2616 optare
818 2544 972 2618 podagram

185 2621 232 2678 Ne
246 2623 356 2679 dubitet
370 2621 473 2692 Ladas,
488 2620 510 2676 si
526 2639 582 2676 non
598 2633 662 2696 eget
676 2622 824 2696 Anticyra,
839 2640 894 2678 nec

185 2701 358 2776 Archigene.
398 2699 479 2760 Quid
495 2700 571 2756 enim
587 2699 689 2756 velocis
703 2699 791 2775 gloria
805 2701 909 2775 plantae

185 2779 312 2850 Praestat,
327 2789 355 2836 et
369 2779 496 2835 esuriens
511 2777 607 2834 Pisaeae
622 2797 716 2834 ramus
729 2779 832 2840 olivael,

186 2858 223 2915 Ut
237 2858 272 2916 sit
286 2877 399 2934 magna,
414 2869 508 2914 tamen
523 2855 600 2913 certe
615 2857 692 2913 lenta
707 2857 747 2914 ira
761 2858 878 2914 deorum
892 2869 942 2914 est.

186 2937 217 2994 Si
232 2948 333 2994 curant
348 2936 431 3012 igitur
445 2948 565 2993 cunctos
578 2935 679 3011 punire
694 2948 840 3006 nocentes,

184 3015 312 3076 Quando
326 3016 361 3072 ad
376 3034 421 3072 me
436 3015 569 3071 venientl
590 3015 640 3070 sed
654 3025 683 3071 et
697 3015 837 3071 exorabile
852 3032 959 3070 numen

186 3094 317 3152 Fortasse
330 3093 475 3170 experiar:
497 3093 567 3150 solet
581 3093 624 3150 his
639 3093 794 3168 ignoscere.
836 3091 921 3150 Multi

186 3174 377 3236 committunt¹
390 3173 489 3229 eadem
503 3173 614 3229 diverso
627 3171 747 3228 crimina
762 3172 834 3230 fato:

188 3252 238 3308 llle
253 3269 368 3308 crucem
379 3251 493 3307 sceleris
507 3251 628 3325 pretium
643 3251 715 3321 tulit,
731 3251 778 3308 hic
793 3251 931 3308 diadema.
959 3272 997 3344 ,q
1116 3251 1171 3307 105

187 3331 236 3388 Sic
250 3332 378 3388 animum
392 3330 459 3386 dirae
474 3329 613 3404 trepidum
629 3329 778 3386 formidine
793 3330 883 3406 culpae

186 3409 372 3466 Confirmant.
414 3408 501 3464 Tunc
515 3420 542 3464 te
552 3427 632 3464 sacra
646 3409 680 3464 ad
696 3409 812 3465 delubra
827 3420 972 3466 vocantem

189 3488 336 3558 Praecedit,
350 3488 460 3544 trahere
476 3487 561 3544 immo
576 3487 648 3544 ultro
663 3505 697 3542 ac
711 3507 811 3544 vexare
825 3499 946 3563 paratus
1002 3500 1009 3510 ·

186 3566 215 3622 N
217 3585 272 3638 am,
286 3585 375 3642 quum
389 3584 493 3641 magna
508 3565 588 3621 malae
603 3578 729 3640 superest
743 3566 862 3646 audacia
876 3585 977 3639 causae,

186 3644 586 3704 Credituramultisfiducia.
629 3643 750 3700 Mimum
766 3646 823 3720 agit
838 3645 894 3714 ille,
1117 3645 1172 3700 lto

1074 1750 1080 1783 l

1081 1809 1086 1820 a

129 3765 142 3786 ,-.
160 3766 164 3776 ,
189 3723 295 3794 Urbani
309 3724 421 3798 qualem
436 3723 568 3798 fugitivus
583 3742 679 3790 scmra
693 3723 815 3779 Catulli:
853 3721 870 3766 fr
924 3744 927 3752 ’

186 3801 235 3860 Tu
250 3804 334 3860 miser
347 3803 499 3874 exclamas,
515 3814 546 3858 ut
560 3802 690 3858 Stentora
704 3801 815 3886 viqcere
829 3801 929 3877 possis,
