<?xml version="1.0" encoding="UTF-8"?>
<!DOCTYPE html PUBLIC "-//W3C//DTD XHTML 1.0 Transitional//EN"
    "http://www.w3.org/TR/xhtml1/DTD/xhtml1-transitional.dtd">
<html xmlns="http://www.w3.org/1999/xhtml" xml:lang="en" lang="en">
 <head>
  <title>
</title>
<meta http-equiv="Content-Type" content="text/html;charset=utf-8" />
  <meta name='ocr-system' content='tesseract 3.04.00' />
  <meta name='ocr-capabilities' content='ocr_page ocr_carea ocr_par ocr_line ocrx_word'/>
</head>
<body>
  <div class='ocr_page' id='page_1' title='image "./decimijuniijuve01persgoog_0026.png"; bbox 0 0 2666 4310; ppageno 0'>
   <div class='ocr_carea' id='block_1_1' title="bbox 583 286 773 344">
    <p class='ocr_par' dir='ltr' id='par_1_1' title="bbox 583 286 773 344">
     <span class='ocr_line' id='line_1_1' title="bbox 583 286 773 344; baseline 0.005 -2"><span class='ocrx_word' id='word_1_1' title='bbox 583 294 708 342; x_wconf 70' lang='lat' dir='ltr'><strong>stultat</strong></span> <span class='ocrx_word' id='word_1_2' title='bbox 726 286 773 344; x_wconf 89' lang='lat' dir='ltr'><strong>lV.</strong></span> 
     </span>
    </p>
   </div>
   <div class='ocr_carea' id='block_1_2' title="bbox 109 436 1170 3838">
    <p class='ocr_par' dir='ltr' id='par_1_2' title="bbox 178 436 1002 670">
     <span class='ocr_line' id='line_1_2' title="bbox 180 436 1002 516; baseline -0.007 -16"><span class='ocrx_word' id='word_1_3' title='bbox 180 439 277 516; x_wconf 87' lang='lat' dir='ltr'><strong>thue</strong></span> <span class='ocrx_word' id='word_1_4' title='bbox 291 438 371 497; x_wconf 88' lang='lat' dir='ltr'><strong>lacus</strong></span> <span class='ocrx_word' id='word_1_5' title='bbox 384 438 528 509; x_wconf 77' lang='lat' dir='ltr'>suberant,</span> <span class='ocrx_word' id='word_1_6' title='bbox 542 437 602 508; x_wconf 91' lang='lat' dir='ltr'><strong>ubi,</strong></span> <span class='ocrx_word' id='word_1_7' title='bbox 616 456 778 513; x_wconf 83' lang='lat' dir='ltr'><strong>quanquam</strong></span> <span class='ocrx_word' id='word_1_8' title='bbox 792 436 895 508; x_wconf 90' lang='lat' dir='ltr'><strong>diruta,</strong></span> <span class='ocrx_word' id='word_1_9' title='bbox 909 445 1002 494; x_wconf 84' lang='lat' dir='ltr'><strong>serrat</strong></span> 
     </span>
     <span class='ocr_line' id='line_1_3' title="bbox 179 516 971 596; baseline -0.006 -19"><span class='ocrx_word' id='word_1_10' title='bbox 179 527 281 596; x_wconf 91' lang='lat' dir='ltr'><strong>lgnem</strong></span> <span class='ocrx_word' id='word_1_11' title='bbox 296 519 455 594; x_wconf 89' lang='lat' dir='ltr'><strong>Trojanum</strong></span> <span class='ocrx_word' id='word_1_12' title='bbox 480 529 508 574; x_wconf 86' lang='lat' dir='ltr'><strong>et</strong></span> <span class='ocrx_word' id='word_1_13' title='bbox 523 517 639 574; x_wconf 84' lang='lat' dir='ltr'>Vestam</span> <span class='ocrx_word' id='word_1_14' title='bbox 651 517 718 573; x_wconf 91' lang='lat' dir='ltr'><strong>colit</strong></span> <span class='ocrx_word' id='word_1_15' title='bbox 732 517 809 572; x_wconf 90' lang='lat' dir='ltr'><strong>Alba</strong></span> <span class='ocrx_word' id='word_1_16' title='bbox 823 516 971 588; x_wconf 85' lang='lat' dir='ltr'><strong>minorem,</strong></span> 
     </span>
     <span class='ocr_line' id='line_1_4' title="bbox 178 597 838 670; baseline -0.009 -14"><span class='ocrx_word' id='word_1_17' title='bbox 178 599 298 656; x_wconf 83' lang='lat' dir='ltr'><strong>Obstitit</strong></span> <span class='ocrx_word' id='word_1_18' title='bbox 310 597 427 656; x_wconf 85' lang='lat' dir='ltr'><strong>intranti</strong></span> <span class='ocrx_word' id='word_1_19' title='bbox 442 597 568 653; x_wconf 84' lang='lat' dir='ltr'><strong>miratrix</strong></span> <span class='ocrx_word' id='word_1_20' title='bbox 583 597 665 652; x_wconf 92' lang='lat' dir='ltr'><strong>turba</strong></span> <span class='ocrx_word' id='word_1_21' title='bbox 679 614 838 670; x_wconf 86' lang='lat' dir='ltr'><strong>parumper.</strong></span> 
     </span>
    </p>

    <p class='ocr_par' dir='ltr' id='par_1_3' title="bbox 180 675 823 752">
     <span class='ocr_line' id='line_1_5' title="bbox 180 675 823 752; baseline -0.012 -16"><span class='ocrx_word' id='word_1_22' title='bbox 180 677 217 736; x_wconf 92' lang='lat' dir='ltr'><strong>Ut</strong></span> <span class='ocrx_word' id='word_1_23' title='bbox 230 678 328 749; x_wconf 85' lang='lat' dir='ltr'><strong>cessit,</strong></span> <span class='ocrx_word' id='word_1_24' title='bbox 343 677 418 734; x_wconf 84' lang='lat' dir='ltr'><strong>sacili</strong></span> <span class='ocrx_word' id='word_1_25' title='bbox 433 688 585 752; x_wconf 90' lang='lat' dir='ltr'><strong>patuerunt</strong></span> <span class='ocrx_word' id='word_1_26' title='bbox 599 675 716 731; x_wconf 90' lang='lat' dir='ltr'><strong>cardine</strong></span> <span class='ocrx_word' id='word_1_27' title='bbox 730 675 823 730; x_wconf 73' lang='lat' dir='ltr'><strong>valvae.</strong></span> 
     </span>
    </p>

    <p class='ocr_par' dir='ltr' id='par_1_4' title="bbox 183 753 828 831">
     <span class='ocr_line' id='line_1_6' title="bbox 183 753 828 831; baseline -0.006 -17"><span class='ocrx_word' id='word_1_28' title='bbox 183 758 297 814; x_wconf 83' lang='lat' dir='ltr'><strong>Exclusi</strong></span> <span class='ocrx_word' id='word_1_29' title='bbox 311 768 441 831; x_wconf 92' lang='lat' dir='ltr'><strong>spectant</strong></span> <span class='ocrx_word' id='word_1_30' title='bbox 454 756 577 811; x_wconf 89' lang='lat' dir='ltr'><strong>admissa</strong></span> <span class='ocrx_word' id='word_1_31' title='bbox 589 755 708 829; x_wconf 89' lang='lat' dir='ltr'><strong>opsonia</strong></span> <span class='ocrx_word' id='word_1_32' title='bbox 722 753 828 810; x_wconf 87' lang='lat' dir='ltr'><strong>Patres.</strong></span> 
     </span>
    </p>

    <p class='ocr_par' dir='ltr' id='par_1_5' title="bbox 181 831 926 990">
     <span class='ocr_line' id='line_1_7' title="bbox 183 831 926 909; baseline -0.005 -15"><span class='ocrx_word' id='word_1_33' title='bbox 183 837 241 894; x_wconf 87' lang='lat' dir='ltr'><strong>[tur</strong></span> <span class='ocrx_word' id='word_1_34' title='bbox 255 837 291 894; x_wconf 92' lang='lat' dir='ltr'><strong>ad</strong></span> <span class='ocrx_word' id='word_1_35' title='bbox 305 835 445 892; x_wconf 79' lang='lat' dir='ltr'><strong>Attidem.</strong></span> <span class='ocrx_word' id='word_1_36' title='bbox 487 833 566 890; x_wconf 91' lang='lat' dir='ltr'><strong>Tum</strong></span> <span class='ocrx_word' id='word_1_37' title='bbox 581 833 694 904; x_wconf 88' lang='lat' dir='ltr'><strong>Picens,</strong></span> <span class='ocrx_word' id='word_1_38' title='bbox 709 833 830 909; x_wconf 80' lang='lat' dir='ltr'><strong>Accipe,</strong></span> <span class='ocrx_word' id='word_1_39' title='bbox 845 831 926 905; x_wconf 84' lang='lat' dir='ltr'><strong>dixit,</strong></span> 
     </span>
     <span class='ocr_line' id='line_1_8' title="bbox 181 912 774 990; baseline -0.007 -18"><span class='ocrx_word' id='word_1_40' title='bbox 181 915 298 972; x_wconf 87' lang='lat' dir='ltr'><strong>Privatis</strong></span> <span class='ocrx_word' id='word_1_41' title='bbox 312 915 419 990; x_wconf 82' lang='lat' dir='ltr'><strong>majora</strong></span> <span class='ocrx_word' id='word_1_42' title='bbox 432 913 519 970; x_wconf 90' lang='lat' dir='ltr'><strong>socis:</strong></span> <span class='ocrx_word' id='word_1_43' title='bbox 541 912 661 988; x_wconf 87' lang='lat' dir='ltr'><strong>genialis</strong></span> <span class='ocrx_word' id='word_1_44' title='bbox 674 919 774 988; x_wconf 81' lang='lat' dir='ltr'><strong>&#39;agatur</strong></span> 
     </span>
    </p>

    <p class='ocr_par' dir='ltr' id='par_1_6' title="bbox 179 990 884 1068">
     <span class='ocr_line' id='line_1_9' title="bbox 179 990 884 1068; baseline -0.006 -17"><span class='ocrx_word' id='word_1_45' title='bbox 179 994 238 1051; x_wconf 85' lang='lat' dir='ltr'><strong>lste</strong></span> <span class='ocrx_word' id='word_1_46' title='bbox 252 995 323 1066; x_wconf 91' lang='lat' dir='ltr'><strong>dies,</strong></span> <span class='ocrx_word' id='word_1_47' title='bbox 337 1011 455 1068; x_wconf 90' lang='lat' dir='ltr'><strong>propera</strong></span> <span class='ocrx_word' id='word_1_48' title='bbox 469 992 646 1050; x_wconf 88' lang='lat' dir='ltr'><strong>stomachum</strong></span> <span class='ocrx_word' id='word_1_49' title='bbox 660 991 754 1048; x_wconf 86' lang='lat' dir='ltr'><strong>laxare</strong></span> <span class='ocrx_word' id='word_1_50' title='bbox 768 990 884 1066; x_wconf 87' lang='lat' dir='ltr'><strong>saginis,</strong></span> 
     </span>
    </p>

    <p class='ocr_par' dir='ltr' id='par_1_7' title="bbox 180 1069 963 1543">
     <span class='ocr_line' id='line_1_10' title="bbox 180 1069 917 1131; baseline -0.008 0"><span class='ocrx_word' id='word_1_51' title='bbox 180 1073 218 1131; x_wconf 87' lang='lat' dir='ltr'><strong>Et</strong></span> <span class='ocrx_word' id='word_1_52' title='bbox 229 1083 280 1130; x_wconf 92' lang='lat' dir='ltr'><strong>tua</strong></span> <span class='ocrx_word' id='word_1_53' title='bbox 293 1085 434 1130; x_wconf 91' lang='lat' dir='ltr'><strong>servatum</strong></span> <span class='ocrx_word' id='word_1_54' title='bbox 448 1088 584 1128; x_wconf 88' lang='lat' dir='ltr'><strong>consume</strong></span> <span class='ocrx_word' id='word_1_55' title='bbox 599 1069 628 1126; x_wconf 94' lang='lat' dir='ltr'><strong>in</strong></span> <span class='ocrx_word' id='word_1_56' title='bbox 642 1069 747 1126; x_wconf 79' lang='lat' dir='ltr'><strong>saecula</strong></span> <span class='ocrx_word' id='word_1_57' title='bbox 759 1070 917 1126; x_wconf 89' lang='lat' dir='ltr'><strong>rhombum.</strong></span> 
     </span>
     <span class='ocr_line' id='line_1_11' title="bbox 180 1145 946 1228; baseline -0.004 -20"><span class='ocrx_word' id='word_1_58' title='bbox 180 1150 247 1228; x_wconf 84' lang='lat' dir='ltr'><strong>Ipse</strong></span> <span class='ocrx_word' id='word_1_59' title='bbox 268 1151 333 1226; x_wconf 88' lang='lat' dir='ltr'><strong>capi</strong></span> <span class='ocrx_word' id='word_1_60' title='bbox 353 1147 459 1206; x_wconf 88' lang='lat' dir='ltr'><strong>voluit:</strong></span> <span class='ocrx_word' id='word_1_61' title='bbox 480 1148 549 1224; x_wconf 93' lang='lat' dir='ltr'><strong>quid</strong></span> <span class='ocrx_word' id='word_1_62' title='bbox 573 1148 718 1224; x_wconf 88' lang='lat' dir='ltr'><strong>apertiusl</strong></span> <span class='ocrx_word' id='word_1_63' title='bbox 736 1157 767 1203; x_wconf 89' lang='lat' dir='ltr'><strong>et</strong></span> <span class='ocrx_word' id='word_1_64' title='bbox 786 1157 883 1204; x_wconf 86' lang='lat' dir='ltr'><strong>tamen</strong></span> <span class='ocrx_word' id='word_1_65' title='bbox 904 1145 946 1205; x_wconf 92' lang='lat' dir='ltr'><strong>illi</strong></span> 
     </span>
     <span class='ocr_line' id='line_1_12' title="bbox 181 1225 963 1305; baseline -0.003 -19"><span class='ocrx_word' id='word_1_66' title='bbox 181 1229 343 1305; x_wconf 74' lang='lat' dir='ltr'><strong>surgebant</strong></span> <span class='ocrx_word' id='word_1_67' title='bbox 357 1227 457 1284; x_wconf 84' lang='lat' dir='ltr'><strong>cristae.</strong></span> <span class='ocrx_word' id='word_1_68' title='bbox 499 1225 580 1284; x_wconf 90' lang='lat' dir='ltr'><strong>Nihil</strong></span> <span class='ocrx_word' id='word_1_69' title='bbox 594 1238 647 1298; x_wconf 90' lang='lat' dir='ltr'><strong>est,</strong></span> <span class='ocrx_word' id='word_1_70' title='bbox 661 1227 735 1301; x_wconf 91' lang='lat' dir='ltr'><strong>quod</strong></span> <span class='ocrx_word' id='word_1_71' title='bbox 751 1227 868 1284; x_wconf 88' lang='lat' dir='ltr'><strong>credere</strong></span> <span class='ocrx_word' id='word_1_72' title='bbox 882 1225 918 1284; x_wconf 89' lang='lat' dir='ltr'><strong>de</strong></span> <span class='ocrx_word' id='word_1_73' title='bbox 931 1245 963 1284; x_wconf 89' lang='lat' dir='ltr'><strong>se</strong></span> 
     </span>
     <span class='ocr_line' id='line_1_13' title="bbox 183 1304 900 1384; baseline -0.003 -20"><span class='ocrx_word' id='word_1_74' title='bbox 183 1307 248 1364; x_wconf 89' lang='lat' dir='ltr'><strong>Non</strong></span> <span class='ocrx_word' id='word_1_75' title='bbox 263 1308 358 1384; x_wconf 77' lang='lat' dir='ltr'><strong>possit,</strong></span> <span class='ocrx_word' id='word_1_76' title='bbox 373 1325 460 1382; x_wconf 90' lang='lat' dir='ltr'><strong>quum</strong></span> <span class='ocrx_word' id='word_1_77' title='bbox 473 1306 603 1364; x_wconf 88' lang='lat' dir='ltr'><strong>laudatur</strong></span> <span class='ocrx_word' id='word_1_78' title='bbox 618 1304 662 1364; x_wconf 90' lang='lat' dir='ltr'><strong>dis</strong></span> <span class='ocrx_word' id='word_1_79' title='bbox 677 1325 756 1382; x_wconf 82' lang='lat' dir='ltr'><strong>aequa</strong></span> <span class='ocrx_word' id='word_1_80' title='bbox 769 1317 900 1382; x_wconf 81' lang='lat' dir='ltr'><strong>potestas.</strong></span> 
     </span>
     <span class='ocr_line' id='line_1_14' title="bbox 182 1385 898 1461; baseline -0.003 -17"><span class='ocrx_word' id='word_1_81' title='bbox 182 1387 239 1444; x_wconf 79' lang='lat' dir='ltr'><strong>Sed</strong></span> <span class='ocrx_word' id='word_1_82' title='bbox 255 1388 352 1444; x_wconf 90' lang='lat' dir='ltr'><strong>deerat</strong></span> <span class='ocrx_word' id='word_1_83' title='bbox 366 1386 436 1461; x_wconf 87' lang='lat' dir='ltr'><strong>pisci</strong></span> <span class='ocrx_word' id='word_1_84' title='bbox 451 1385 554 1461; x_wconf 81' lang='lat' dir='ltr'><strong>patinae</strong></span> <span class='ocrx_word' id='word_1_85' title='bbox 568 1403 708 1442; x_wconf 89' lang='lat' dir='ltr'><strong>mensura.</strong></span> <span class='ocrx_word' id='word_1_86' title='bbox 750 1385 898 1442; x_wconf 82' lang='lat' dir='ltr'><strong>Vocantur</strong></span> 
     </span>
     <span class='ocr_line' id='line_1_15' title="bbox 181 1463 902 1543; baseline -0.003 -19"><span class='ocrx_word' id='word_1_87' title='bbox 181 1464 258 1543; x_wconf 80' lang='lat' dir='ltr'><strong>Ergd</strong></span> <span class='ocrx_word' id='word_1_88' title='bbox 273 1467 303 1524; x_wconf 93' lang='lat' dir='ltr'><strong>in</strong></span> <span class='ocrx_word' id='word_1_89' title='bbox 317 1465 467 1523; x_wconf 78' lang='lat' dir='ltr'><strong>consilium</strong></span> <span class='ocrx_word' id='word_1_90' title='bbox 481 1483 622 1541; x_wconf 77' lang='lat' dir='ltr'><strong>proceres,</strong></span> <span class='ocrx_word' id='word_1_91' title='bbox 636 1483 706 1538; x_wconf 89' lang='lat' dir='ltr'><strong>quos</strong></span> <span class='ocrx_word' id='word_1_92' title='bbox 719 1465 819 1521; x_wconf 90' lang='lat' dir='ltr'><strong>oderat</strong></span> <span class='ocrx_word' id='word_1_93' title='bbox 833 1463 902 1534; x_wconf 86' lang='lat' dir='ltr'><strong>llle;</strong></span> 
     </span>
    </p>

    <p class='ocr_par' dir='ltr' id='par_1_8' title="bbox 179 1543 971 2098">
     <span class='ocr_line' id='line_1_16' title="bbox 180 1543 871 1622; baseline 0.001 -21"><span class='ocrx_word' id='word_1_94' title='bbox 180 1543 216 1603; x_wconf 93' lang='lat' dir='ltr'><strong>lu</strong></span> <span class='ocrx_word' id='word_1_95' title='bbox 231 1563 350 1622; x_wconf 92' lang='lat' dir='ltr'><strong>quorum</strong></span> <span class='ocrx_word' id='word_1_96' title='bbox 365 1545 436 1602; x_wconf 91' lang='lat' dir='ltr'><strong>sacie</strong></span> <span class='ocrx_word' id='word_1_97' title='bbox 451 1545 560 1600; x_wconf 80' lang='lat' dir='ltr'><strong>misere</strong></span> <span class='ocrx_word' id='word_1_98' title='bbox 574 1562 740 1619; x_wconf 77' lang='lat' dir='ltr'><strong>magnaeque</strong></span> <span class='ocrx_word' id='word_1_99' title='bbox 755 1544 871 1602; x_wconf 85' lang='lat' dir='ltr'><strong>sedebat</strong></span> 
     </span>
     <span class='ocr_line' id='line_1_17' title="bbox 180 1622 899 1694; baseline -0.004 -11"><span class='ocrx_word' id='word_1_100' title='bbox 180 1625 273 1683; x_wconf 90' lang='lat' dir='ltr'><strong>Pallor</strong></span> <span class='ocrx_word' id='word_1_101' title='bbox 287 1625 429 1682; x_wconf 85' lang='lat' dir='ltr'><strong>amicitiae.</strong></span> <span class='ocrx_word' id='word_1_102' title='bbox 471 1622 591 1694; x_wconf 89' lang='lat' dir='ltr'><strong>Primus,</strong></span> <span class='ocrx_word' id='word_1_103' title='bbox 606 1623 747 1680; x_wconf 89' lang='lat' dir='ltr'><strong>clamante</strong></span> <span class='ocrx_word' id='word_1_104' title='bbox 761 1622 899 1694; x_wconf 86' lang='lat' dir='ltr'><strong>Liburno,</strong></span> 
     </span>
     <span class='ocr_line' id='line_1_18' title="bbox 180 1702 880 1779; baseline -0.006 -17"><span class='ocrx_word' id='word_1_105' title='bbox 180 1704 310 1762; x_wconf 84' lang='lat' dir='ltr'><strong>Currite!</strong></span> <span class='ocrx_word' id='word_1_106' title='bbox 330 1703 389 1779; x_wconf 87' lang='lat' dir='ltr'><strong>jam</strong></span> <span class='ocrx_word' id='word_1_107' title='bbox 403 1702 493 1760; x_wconf 88' lang='lat' dir='ltr'><strong>sedit!</strong></span> <span class='ocrx_word' id='word_1_108' title='bbox 516 1703 595 1778; x_wconf 71' lang='lat' dir='ltr'><strong>rapti</strong></span> <span class='ocrx_word' id='word_1_109' title='bbox 609 1703 774 1778; x_wconf 90' lang='lat' dir='ltr'><strong>properabat</strong></span> <span class='ocrx_word' id='word_1_110' title='bbox 788 1702 880 1759; x_wconf 69' lang='lat' dir='ltr'><strong>abolla</strong></span> 
     </span>
     <span class='ocr_line' id='line_1_19' title="bbox 183 1779 891 1860; baseline -0.003 -19"><span class='ocrx_word' id='word_1_111' title='bbox 183 1783 317 1860; x_wconf 81' lang='lat' dir='ltr'><strong>Pegasus,</strong></span> <span class='ocrx_word' id='word_1_112' title='bbox 329 1783 454 1840; x_wconf 80' lang='lat' dir='ltr'><strong>attonitae</strong></span> <span class='ocrx_word' id='word_1_113' title='bbox 468 1782 574 1858; x_wconf 86' lang='lat' dir='ltr'><strong>positus</strong></span> <span class='ocrx_word' id='word_1_114' title='bbox 589 1779 673 1838; x_wconf 78' lang='lat' dir='ltr'><strong>modi)</strong></span> <span class='ocrx_word' id='word_1_115' title='bbox 689 1781 799 1838; x_wconf 82' lang='lat' dir='ltr'><strong>villicus</strong></span> <span class='ocrx_word' id='word_1_116' title='bbox 812 1780 891 1839; x_wconf 90' lang='lat' dir='ltr'><strong>Urbi.</strong></span> 
     </span>
     <span class='ocr_line' id='line_1_20' title="bbox 180 1861 971 1936; baseline -0.004 -15"><span class='ocrx_word' id='word_1_117' title='bbox 180 1865 268 1921; x_wconf 84' lang='lat' dir='ltr'><strong>Anne</strong></span> <span class='ocrx_word' id='word_1_118' title='bbox 282 1862 358 1920; x_wconf 89' lang='lat' dir='ltr'><strong>aliud</strong></span> <span class='ocrx_word' id='word_1_119' title='bbox 369 1873 439 1919; x_wconf 93' lang='lat' dir='ltr'><strong>tunc</strong></span> <span class='ocrx_word' id='word_1_120' title='bbox 452 1861 598 1936; x_wconf 69' lang='lat' dir='ltr'><strong>praelecti?</strong></span> <span class='ocrx_word' id='word_1_121' title='bbox 618 1879 738 1936; x_wconf 91' lang='lat' dir='ltr'><strong>quorum</strong></span> <span class='ocrx_word' id='word_1_122' title='bbox 751 1861 874 1935; x_wconf 91' lang='lat' dir='ltr'><strong>optimus</strong></span> <span class='ocrx_word' id='word_1_123' title='bbox 888 1871 971 1936; x_wconf 83' lang='lat' dir='ltr'><strong>atque</strong></span> 
     </span>
     <span class='ocr_line' id='line_1_21' title="bbox 180 1940 938 2018; baseline -0.004 -18"><span class='ocrx_word' id='word_1_124' title='bbox 180 1941 325 2018; x_wconf 84' lang='lat' dir='ltr'><strong>Interpre&#39;s</strong></span> <span class='ocrx_word' id='word_1_125' title='bbox 338 1942 433 2017; x_wconf 87' lang='lat' dir='ltr'><strong>legum</strong></span> <span class='ocrx_word' id='word_1_126' title='bbox 448 1940 653 2010; x_wconf 89' lang='lat' dir='ltr'><strong>sanctissimus,</strong></span> <span class='ocrx_word' id='word_1_127' title='bbox 667 1940 763 1996; x_wconf 85' lang='lat' dir='ltr'><strong>omnia</strong></span> <span class='ocrx_word' id='word_1_128' title='bbox 777 1957 938 2014; x_wconf 83' lang='lat' dir='ltr'><strong>quanquam</strong></span> 
     </span>
     <span class='ocr_line' id='line_1_22' title="bbox 179 2018 859 2098; baseline -0.006 -18"><span class='ocrx_word' id='word_1_129' title='bbox 179 2021 371 2098; x_wconf 88' lang='lat' dir='ltr'><strong>Temporibus</strong></span> <span class='ocrx_word' id='word_1_130' title='bbox 385 2020 454 2077; x_wconf 92' lang='lat' dir='ltr'><strong>diris</strong></span> <span class='ocrx_word' id='word_1_131' title='bbox 467 2020 614 2077; x_wconf 86' lang='lat' dir='ltr'><strong>tractanda</strong></span> <span class='ocrx_word' id='word_1_132' title='bbox 628 2019 743 2094; x_wconf 92' lang='lat' dir='ltr'><strong>putabat</strong></span> <span class='ocrx_word' id='word_1_133' title='bbox 757 2018 859 2076; x_wconf 87' lang='lat' dir='ltr'><strong>inermi</strong></span> 
     </span>
    </p>

    <p class='ocr_par' dir='ltr' id='par_1_9' title="bbox 179 2097 878 2174">
     <span class='ocr_line' id='line_1_23' title="bbox 179 2097 878 2174; baseline -0.006 -16"><span class='ocrx_word' id='word_1_134' title='bbox 179 2101 197 2158; x_wconf 84' lang='lat' dir='ltr'>J</span> <span class='ocrx_word' id='word_1_135' title='bbox 200 2101 304 2159; x_wconf 74' lang='lat' dir='ltr'><strong>ustitid.</strong></span> <span class='ocrx_word' id='word_1_136' title='bbox 346 2099 434 2158; x_wconf 90' lang='lat' dir='ltr'><strong>Venit</strong></span> <span class='ocrx_word' id='word_1_137' title='bbox 447 2112 476 2156; x_wconf 91' lang='lat' dir='ltr'><strong>et</strong></span> <span class='ocrx_word' id='word_1_138' title='bbox 489 2098 582 2174; x_wconf 86' lang='lat' dir='ltr'><strong>Crispi</strong></span> <span class='ocrx_word' id='word_1_139' title='bbox 594 2097 722 2173; x_wconf 88' lang='lat' dir='ltr'><strong>jucunda</strong></span> <span class='ocrx_word' id='word_1_140' title='bbox 735 2109 878 2168; x_wconf 88' lang='lat' dir='ltr'><strong>senectus,</strong></span> 
     </span>
    </p>

    <p class='ocr_par' dir='ltr' id='par_1_10' title="bbox 109 2177 1170 3838">
     <span class='ocr_line' id='line_1_24' title="bbox 109 2177 823 2256; baseline -0.007 -18"><span class='ocrx_word' id='word_1_141' title='bbox 109 2187 112 2191; x_wconf 84' lang='lat'>&#39;</span> <span class='ocrx_word' id='word_1_142' title='bbox 179 2180 271 2256; x_wconf 84' lang='lat' dir='ltr'><strong>Cujus</strong></span> <span class='ocrx_word' id='word_1_143' title='bbox 284 2193 365 2237; x_wconf 89' lang='lat' dir='ltr'><strong>erant</strong></span> <span class='ocrx_word' id='word_1_144' title='bbox 379 2197 480 2250; x_wconf 90' lang='lat' dir='ltr'><strong>mores,</strong></span> <span class='ocrx_word' id='word_1_145' title='bbox 494 2177 584 2252; x_wconf 91' lang='lat' dir='ltr'><strong>qualis</strong></span> <span class='ocrx_word' id='word_1_146' title='bbox 599 2177 741 2248; x_wconf 88' lang='lat' dir='ltr'><strong>facundia,</strong></span> <span class='ocrx_word' id='word_1_147' title='bbox 756 2177 823 2234; x_wconf 89' lang='lat' dir='ltr'><strong>mite</strong></span> 
     </span>
     <span class='ocr_line' id='line_1_25' title="bbox 180 2253 930 2336; baseline -0.005 -18"><span class='ocrx_word' id='word_1_148' title='bbox 180 2259 357 2336; x_wconf 87' lang='lat' dir='ltr'><strong>Ingenium:</strong></span> <span class='ocrx_word' id='word_1_149' title='bbox 379 2258 467 2334; x_wconf 90' lang='lat' dir='ltr'><strong>maria</strong></span> <span class='ocrx_word' id='word_1_150' title='bbox 481 2277 516 2314; x_wconf 89' lang='lat' dir='ltr'><strong>ac</strong></span> <span class='ocrx_word' id='word_1_151' title='bbox 529 2269 618 2314; x_wconf 90' lang='lat' dir='ltr'><strong>terras</strong></span> <span class='ocrx_word' id='word_1_152' title='bbox 632 2256 804 2332; x_wconf 86' lang='lat' dir='ltr'><strong>populosque</strong></span> <span class='ocrx_word' id='word_1_153' title='bbox 819 2253 930 2332; x_wconf 88' lang='lat' dir='ltr'><strong>regenti</strong></span> 
     </span>
     <span class='ocr_line' id='line_1_26' title="bbox 179 2335 883 2410; baseline -0.009 -12"><span class='ocrx_word' id='word_1_154' title='bbox 179 2339 257 2400; x_wconf 79' lang='lat' dir='ltr'><strong>Quis</strong></span> <span class='ocrx_word' id='word_1_155' title='bbox 270 2357 367 2396; x_wconf 89' lang='lat' dir='ltr'><strong>comes</strong></span> <span class='ocrx_word' id='word_1_156' title='bbox 381 2337 483 2408; x_wconf 92' lang='lat' dir='ltr'><strong>utilior,</strong></span> <span class='ocrx_word' id='word_1_157' title='bbox 498 2335 521 2393; x_wconf 92' lang='lat' dir='ltr'><strong>si</strong></span> <span class='ocrx_word' id='word_1_158' title='bbox 537 2337 619 2394; x_wconf 86' lang='lat' dir='ltr'><strong>clade</strong></span> <span class='ocrx_word' id='word_1_159' title='bbox 633 2348 661 2393; x_wconf 91' lang='lat' dir='ltr'><strong>et</strong></span> <span class='ocrx_word' id='word_1_160' title='bbox 676 2348 753 2410; x_wconf 87' lang='lat' dir='ltr'><strong>peste</strong></span> <span class='ocrx_word' id='word_1_161' title='bbox 767 2335 820 2391; x_wconf 92' lang='lat' dir='ltr'><strong>sub</strong></span> <span class='ocrx_word' id='word_1_162' title='bbox 834 2335 883 2392; x_wconf 78' lang='lat' dir='ltr'><strong>illa</strong></span> 
     </span>
     <span class='ocr_line' id='line_1_27' title="bbox 180 2414 912 2476; baseline -0.003 -2"><span class='ocrx_word' id='word_1_163' title='bbox 180 2418 325 2476; x_wconf 75' lang='lat' dir='ltr'><strong>Saevi&#39;tiam</strong></span> <span class='ocrx_word' id='word_1_164' title='bbox 339 2419 475 2474; x_wconf 89' lang='lat' dir='ltr'><strong>damnare</strong></span> <span class='ocrx_word' id='word_1_165' title='bbox 489 2428 517 2473; x_wconf 91' lang='lat' dir='ltr'><strong>et</strong></span> <span class='ocrx_word' id='word_1_166' title='bbox 532 2418 681 2473; x_wconf 88' lang='lat' dir='ltr'><strong>honestum</strong></span> <span class='ocrx_word' id='word_1_167' title='bbox 696 2415 797 2472; x_wconf 82' lang='lat' dir='ltr'><strong>afferre</strong></span> <span class='ocrx_word' id='word_1_168' title='bbox 811 2414 912 2472; x_wconf 83' lang='lat' dir='ltr'><strong>liceret</strong></span> 
     </span>
     <span class='ocr_line' id='line_1_28' title="bbox 179 2494 931 2570; baseline -0.004 -15"><span class='ocrx_word' id='word_1_169' title='bbox 179 2497 364 2555; x_wconf 81' lang='lat' dir='ltr'><strong>Consiliuml</strong></span> <span class='ocrx_word' id='word_1_170' title='bbox 406 2497 463 2552; x_wconf 89' lang='lat' dir='ltr'><strong>Sed</strong></span> <span class='ocrx_word' id='word_1_171' title='bbox 478 2496 546 2570; x_wconf 93' lang='lat' dir='ltr'><strong>quid</strong></span> <span class='ocrx_word' id='word_1_172' title='bbox 562 2495 710 2552; x_wconf 90' lang='lat' dir='ltr'><strong>violentius</strong></span> <span class='ocrx_word' id='word_1_173' title='bbox 725 2514 793 2551; x_wconf 89' lang='lat' dir='ltr'><strong>aure</strong></span> <span class='ocrx_word' id='word_1_174' title='bbox 807 2494 931 2569; x_wconf 87' lang='lat' dir='ltr'><strong>tyranni,</strong></span> 
     </span>
     <span class='ocr_line' id='line_1_29' title="bbox 180 2573 913 2652; baseline -0.004 -18"><span class='ocrx_word' id='word_1_175' title='bbox 180 2577 255 2634; x_wconf 76' lang='lat' dir='ltr'><strong>(lum</strong></span> <span class='ocrx_word' id='word_1_176' title='bbox 269 2597 325 2652; x_wconf 94' lang='lat' dir='ltr'><strong>quo</strong></span> <span class='ocrx_word' id='word_1_177' title='bbox 340 2577 376 2633; x_wconf 91' lang='lat' dir='ltr'><strong>de</strong></span> <span class='ocrx_word' id='word_1_178' title='bbox 390 2574 501 2651; x_wconf 85' lang='lat' dir='ltr'><strong>pluviis,</strong></span> <span class='ocrx_word' id='word_1_179' title='bbox 516 2586 565 2631; x_wconf 87' lang='lat' dir='ltr'><strong>aut</strong></span> <span class='ocrx_word' id='word_1_180' title='bbox 579 2575 704 2643; x_wconf 74' lang='lat' dir='ltr'><strong>aestibus,</strong></span> <span class='ocrx_word' id='word_1_181' title='bbox 719 2585 769 2630; x_wconf 90' lang='lat' dir='ltr'><strong>aut</strong></span> <span class='ocrx_word' id='word_1_182' title='bbox 782 2573 913 2631; x_wconf 87' lang='lat' dir='ltr'><strong>nimboso</strong></span> 
     </span>
     <span class='ocr_line' id='line_1_30' title="bbox 181 2653 773 2729; baseline -0.008 -16"><span class='ocrx_word' id='word_1_183' title='bbox 181 2656 257 2714; x_wconf 89' lang='lat' dir='ltr'><strong>Vere</strong></span> <span class='ocrx_word' id='word_1_184' title='bbox 271 2656 392 2713; x_wconf 89' lang='lat' dir='ltr'><strong>locuturi</strong></span> <span class='ocrx_word' id='word_1_185' title='bbox 408 2655 495 2710; x_wconf 89' lang='lat' dir='ltr'><strong>satum</strong></span> <span class='ocrx_word' id='word_1_186' title='bbox 510 2654 652 2729; x_wconf 86' lang='lat' dir='ltr'><strong>pendebat</strong></span> <span class='ocrx_word' id='word_1_187' title='bbox 665 2653 773 2709; x_wconf 87' lang='lat' dir='ltr'><strong>amicil</strong></span> 
     </span>
     <span class='ocr_line' id='line_1_31' title="bbox 180 2732 853 2811; baseline -0.007 -18"><span class='ocrx_word' id='word_1_188' title='bbox 180 2734 233 2793; x_wconf 92' lang='lat' dir='ltr'><strong>llle</strong></span> <span class='ocrx_word' id='word_1_189' title='bbox 247 2735 333 2811; x_wconf 91' lang='lat' dir='ltr'><strong>igitur</strong></span> <span class='ocrx_word' id='word_1_190' title='bbox 348 2752 494 2808; x_wconf 88' lang='lat' dir='ltr'><strong>nunquam</strong></span> <span class='ocrx_word' id='word_1_191' title='bbox 508 2733 609 2790; x_wconf 88' lang='lat' dir='ltr'><strong>direxit</strong></span> <span class='ocrx_word' id='word_1_192' title='bbox 625 2732 740 2788; x_wconf 87' lang='lat' dir='ltr'><strong>brachia</strong></span> <span class='ocrx_word' id='word_1_193' title='bbox 753 2742 853 2789; x_wconf 88' lang='lat' dir='ltr'><strong>contra</strong></span> 
     </span>
     <span class='ocr_line' id='line_1_32' title="bbox 179 2811 871 2886; baseline -0.006 -14"><span class='ocrx_word' id='word_1_194' title='bbox 179 2814 362 2884; x_wconf 89' lang='lat' dir='ltr'><strong>Torrentem,</strong></span> <span class='ocrx_word' id='word_1_195' title='bbox 377 2825 431 2870; x_wconf 90' lang='lat' dir='ltr'><strong>nec</strong></span> <span class='ocrx_word' id='word_1_196' title='bbox 445 2813 514 2869; x_wconf 91' lang='lat' dir='ltr'><strong>civis</strong></span> <span class='ocrx_word' id='word_1_197' title='bbox 529 2826 599 2882; x_wconf 90' lang='lat' dir='ltr'><strong>erat,</strong></span> <span class='ocrx_word' id='word_1_198' title='bbox 613 2811 660 2886; x_wconf 92' lang='lat' dir='ltr'><strong>qui</strong></span> <span class='ocrx_word' id='word_1_199' title='bbox 675 2811 763 2867; x_wconf 90' lang='lat' dir='ltr'><strong>libera</strong></span> <span class='ocrx_word' id='word_1_200' title='bbox 776 2818 871 2886; x_wconf 88' lang='lat' dir='ltr'><strong>posset</strong></span> 
     </span>
     <span class='ocr_line' id='line_1_33' title="bbox 182 2890 931 2968; baseline -0.005 -17"><span class='ocrx_word' id='word_1_201' title='bbox 182 2895 276 2952; x_wconf 88' lang='lat' dir='ltr'><strong>Verba</strong></span> <span class='ocrx_word' id='word_1_202' title='bbox 289 2893 376 2950; x_wconf 91' lang='lat' dir='ltr'><strong>animi</strong></span> <span class='ocrx_word' id='word_1_203' title='bbox 391 2891 523 2968; x_wconf 84' lang='lat' dir='ltr'><strong>proferre,</strong></span> <span class='ocrx_word' id='word_1_204' title='bbox 537 2902 566 2949; x_wconf 90' lang='lat' dir='ltr'><strong>et</strong></span> <span class='ocrx_word' id='word_1_205' title='bbox 580 2891 665 2948; x_wconf 87' lang='lat' dir='ltr'><strong>vitam</strong></span> <span class='ocrx_word' id='word_1_206' title='bbox 679 2890 842 2965; x_wconf 89' lang='lat' dir='ltr'><strong>impendere</strong></span> <span class='ocrx_word' id='word_1_207' title='bbox 857 2908 931 2947; x_wconf 87' lang='lat' dir='ltr'><strong>vero.</strong></span> 
     </span>
     <span class='ocr_line' id='line_1_34' title="bbox 180 2968 835 3046; baseline -0.008 -16"><span class='ocrx_word' id='word_1_208' title='bbox 180 2974 231 3030; x_wconf 83' lang='lat' dir='ltr'><strong>Sic</strong></span> <span class='ocrx_word' id='word_1_209' title='bbox 245 2972 346 3029; x_wconf 90' lang='lat' dir='ltr'><strong>multas</strong></span> <span class='ocrx_word' id='word_1_210' title='bbox 361 2972 468 3028; x_wconf 90' lang='lat' dir='ltr'><strong>hiemes</strong></span> <span class='ocrx_word' id='word_1_211' title='bbox 482 2982 565 3046; x_wconf 89' lang='lat' dir='ltr'><strong>atque</strong></span> <span class='ocrx_word' id='word_1_212' title='bbox 578 2969 751 3044; x_wconf 88' lang='lat' dir='ltr'><strong>octogesima</strong></span> <span class='ocrx_word' id='word_1_213' title='bbox 766 2968 835 3026; x_wconf 85' lang='lat' dir='ltr'><strong>vidit</strong></span> 
     </span>
     <span class='ocr_line' id='line_1_35' title="bbox 181 3046 923 3124; baseline -0.004 -15"><span class='ocrx_word' id='word_1_214' title='bbox 181 3053 314 3122; x_wconf 83' lang='lat' dir='ltr'><strong>Solstitia,</strong></span> <span class='ocrx_word' id='word_1_215' title='bbox 337 3051 381 3108; x_wconf 88' lang='lat' dir='ltr'><strong>his</strong></span> <span class='ocrx_word' id='word_1_216' title='bbox 403 3050 488 3108; x_wconf 91' lang='lat' dir='ltr'><strong>armis</strong></span> <span class='ocrx_word' id='word_1_217' title='bbox 510 3046 559 3107; x_wconf 78' lang='lat' dir='ltr'><strong>illa</strong></span> <span class='ocrx_word' id='word_1_218' title='bbox 578 3067 691 3124; x_wconf 90' lang='lat' dir='ltr'><strong>quoque</strong></span> <span class='ocrx_word' id='word_1_219' title='bbox 711 3059 788 3106; x_wconf 92' lang='lat' dir='ltr'><strong>tutus</strong></span> <span class='ocrx_word' id='word_1_220' title='bbox 803 3047 832 3104; x_wconf 92' lang='lat' dir='ltr'><strong>in</strong></span> <span class='ocrx_word' id='word_1_221' title='bbox 847 3047 923 3106; x_wconf 74' lang='lat' dir='ltr'><strong>aulai.</strong></span> 
     </span>
     <span class='ocr_line' id='line_1_36' title="bbox 180 3126 844 3206; baseline -0.008 -17"><span class='ocrx_word' id='word_1_222' title='bbox 180 3131 328 3188; x_wconf 86' lang='lat' dir='ltr'><strong>Proximus</strong></span> <span class='ocrx_word' id='word_1_223' title='bbox 342 3130 470 3206; x_wconf 85' lang='lat' dir='ltr'><strong>ejusdem</strong></span> <span class='ocrx_word' id='word_1_224' title='bbox 483 3128 650 3205; x_wconf 87' lang='lat' dir='ltr'><strong>properabat</strong></span> <span class='ocrx_word' id='word_1_225' title='bbox 664 3127 777 3184; x_wconf 89' lang='lat' dir='ltr'><strong>Acilius</strong></span> <span class='ocrx_word' id='word_1_226' title='bbox 791 3126 844 3184; x_wconf 86' lang='lat' dir='ltr'><strong>aevi</strong></span> 
     </span>
     <span class='ocr_line' id='line_1_37' title="bbox 180 3209 1023 3286; baseline -0.006 -18"><span class='ocrx_word' id='word_1_227' title='bbox 180 3209 256 3268; x_wconf 85' lang='lat' dir='ltr'><strong>Cur&#39;n</strong></span> <span class='ocrx_word' id='word_1_228' title='bbox 268 3210 382 3286; x_wconf 89' lang='lat' dir='ltr'><strong>juvene,</strong></span> <span class='ocrx_word' id='word_1_229' title='bbox 396 3209 524 3283; x_wconf 90' lang='lat' dir='ltr'><strong>indigno,</strong></span> <span class='ocrx_word' id='word_1_230' title='bbox 538 3225 622 3282; x_wconf 92' lang='lat' dir='ltr'><strong>quem</strong></span> <span class='ocrx_word' id='word_1_231' title='bbox 637 3225 711 3262; x_wconf 91' lang='lat' dir='ltr'><strong>mors</strong></span> <span class='ocrx_word' id='word_1_232' title='bbox 726 3218 783 3263; x_wconf 91' lang='lat' dir='ltr'><strong>tam</strong></span> <span class='ocrx_word' id='word_1_233' title='bbox 797 3225 872 3263; x_wconf 77' lang='lat' dir='ltr'><strong>sarva</strong></span> <span class='ocrx_word' id='word_1_234' title='bbox 885 3215 1023 3277; x_wconf 85' lang='lat' dir='ltr'><strong>maneret,</strong></span> 
     </span>
     <span class='ocr_line' id='line_1_38' title="bbox 181 3285 853 3364; baseline -0.009 -18"><span class='ocrx_word' id='word_1_235' title='bbox 181 3289 218 3348; x_wconf 87' lang='lat' dir='ltr'><strong>Et</strong></span> <span class='ocrx_word' id='word_1_236' title='bbox 231 3289 347 3347; x_wconf 90' lang='lat' dir='ltr'><strong>Domini</strong></span> <span class='ocrx_word' id='word_1_237' title='bbox 362 3288 464 3364; x_wconf 87' lang='lat' dir='ltr'><strong>gladiis</strong></span> <span class='ocrx_word' id='word_1_238' title='bbox 477 3299 534 3344; x_wconf 91' lang='lat' dir='ltr'><strong>tam</strong></span> <span class='ocrx_word' id='word_1_239' title='bbox 549 3286 680 3344; x_wconf 80' lang='lat' dir='ltr'><strong>festinata</strong></span> <span class='ocrx_word' id='word_1_240' title='bbox 692 3305 699 3353; x_wconf 93' lang='grc'>;</span> <span class='ocrx_word' id='word_1_241' title='bbox 720 3287 770 3342; x_wconf 86' lang='lat' dir='ltr'><strong>sed</strong></span> <span class='ocrx_word' id='word_1_242' title='bbox 784 3285 853 3342; x_wconf 92' lang='lat' dir='ltr'><strong>olim</strong></span> 
     </span>
     <span class='ocr_line' id='line_1_39' title="bbox 181 3365 838 3444; baseline -0.009 -19"><span class='ocrx_word' id='word_1_243' title='bbox 181 3368 314 3444; x_wconf 87' lang='lat' dir='ltr'><strong>Prodigio</strong></span> <span class='ocrx_word' id='word_1_244' title='bbox 328 3387 378 3444; x_wconf 92' lang='lat' dir='ltr'><strong>par</strong></span> <span class='ocrx_word' id='word_1_245' title='bbox 391 3377 435 3424; x_wconf 89' lang='lat' dir='ltr'><strong>est</strong></span> <span class='ocrx_word' id='word_1_246' title='bbox 448 3385 514 3423; x_wconf 92' lang='lat' dir='ltr'><strong>cum</strong></span> <span class='ocrx_word' id='word_1_247' title='bbox 529 3365 675 3422; x_wconf 88' lang='lat' dir='ltr'><strong>nobilitate</strong></span> <span class='ocrx_word' id='word_1_248' title='bbox 689 3376 838 3432; x_wconf 81' lang='lat' dir='ltr'><strong>senectus3</strong></span> 
     </span>
     <span class='ocr_line' id='line_1_40' title="bbox 182 3443 880 3518; baseline -0.009 -13"><span class='ocrx_word' id='word_1_249' title='bbox 182 3447 264 3505; x_wconf 86' lang='lat' dir='ltr'><strong>Unde</strong></span> <span class='ocrx_word' id='word_1_250' title='bbox 278 3447 318 3518; x_wconf 90' lang='lat' dir='ltr'><strong>lit,</strong></span> <span class='ocrx_word' id='word_1_251' title='bbox 337 3459 368 3504; x_wconf 91' lang='lat' dir='ltr'><strong>ut</strong></span> <span class='ocrx_word' id='word_1_252' title='bbox 382 3446 478 3502; x_wconf 90' lang='lat' dir='ltr'><strong>malim</strong></span> <span class='ocrx_word' id='word_1_253' title='bbox 494 3444 660 3501; x_wconf 85' lang='lat' dir='ltr'><strong>fraterculus</strong></span> <span class='ocrx_word' id='word_1_254' title='bbox 674 3463 735 3500; x_wconf 90' lang='lat' dir='ltr'><strong>esse</strong></span> <span class='ocrx_word' id='word_1_255' title='bbox 749 3443 880 3518; x_wconf 86' lang='lat' dir='ltr'><strong>gigantis.</strong></span> 
     </span>
     <span class='ocr_line' id='line_1_41' title="bbox 181 3521 913 3602; baseline -0.005 -18"><span class='ocrx_word' id='word_1_256' title='bbox 181 3526 290 3584; x_wconf 84' lang='lat' dir='ltr'><strong>Proluit</strong></span> <span class='ocrx_word' id='word_1_257' title='bbox 303 3523 372 3602; x_wconf 78' lang='lat' dir='ltr'><strong>ergit</strong></span> <span class='ocrx_word' id='word_1_258' title='bbox 386 3525 455 3582; x_wconf 89' lang='lat' dir='ltr'><strong>nihil</strong></span> <span class='ocrx_word' id='word_1_259' title='bbox 472 3525 584 3594; x_wconf 89' lang='lat' dir='ltr'><strong>misero,</strong></span> <span class='ocrx_word' id='word_1_260' title='bbox 600 3521 675 3598; x_wconf 82' lang='lat' dir='ltr'><strong>qubd</strong></span> <span class='ocrx_word' id='word_1_261' title='bbox 691 3522 822 3579; x_wconf 90' lang='lat' dir='ltr'><strong>cominus</strong></span> <span class='ocrx_word' id='word_1_262' title='bbox 834 3541 913 3580; x_wconf 88' lang='lat' dir='ltr'><strong>ursos</strong></span> 
     </span>
     <span class='ocr_line' id='line_1_42' title="bbox 182 3601 807 3682; baseline -0.01 -19"><span class='ocrx_word' id='word_1_263' title='bbox 182 3605 302 3682; x_wconf 80' lang='lat' dir='ltr'><strong>Pigebat</strong></span> <span class='ocrx_word' id='word_1_264' title='bbox 316 3605 468 3673; x_wconf 88' lang='lat' dir='ltr'><strong>Numidas,</strong></span> <span class='ocrx_word' id='word_1_265' title='bbox 484 3603 597 3660; x_wconf 73' lang='lat' dir='ltr'><strong>Albania</strong></span> <span class='ocrx_word' id='word_1_266' title='bbox 612 3603 706 3658; x_wconf 90' lang='lat' dir='ltr'><strong>nudus</strong></span> <span class='ocrx_word' id='word_1_267' title='bbox 719 3601 807 3658; x_wconf 78' lang='lat' dir='ltr'><strong>arenti</strong></span> 
     </span>
     <span class='ocr_line' id='line_1_43' title="bbox 184 3677 1170 3756; baseline -0.008 -12"><span class='ocrx_word' id='word_1_268' title='bbox 184 3685 315 3744; x_wconf 89' lang='lat' dir='ltr'><strong>Venator.</strong></span> <span class='ocrx_word' id='word_1_269' title='bbox 355 3683 433 3744; x_wconf 83' lang='lat' dir='ltr'><strong>Quis</strong></span> <span class='ocrx_word' id='word_1_270' title='bbox 446 3683 524 3740; x_wconf 88' lang='lat' dir='ltr'><strong>enim</strong></span> <span class='ocrx_word' id='word_1_271' title='bbox 535 3681 593 3756; x_wconf 88' lang='lat' dir='ltr'><strong>jam</strong></span> <span class='ocrx_word' id='word_1_272' title='bbox 608 3701 667 3738; x_wconf 93' lang='lat' dir='ltr'><strong>non</strong></span> <span class='ocrx_word' id='word_1_273' title='bbox 682 3681 820 3755; x_wconf 88' lang='lat' dir='ltr'><strong>intelligat</strong></span> <span class='ocrx_word' id='word_1_274' title='bbox 834 3691 908 3738; x_wconf 86' lang='lat' dir='ltr'><strong>artes</strong></span> <span class='ocrx_word' id='word_1_275' title='bbox 1116 3677 1170 3736; x_wconf 86' lang='lat' dir='ltr'><strong>tou</strong></span> 
     </span>
     <span class='ocr_line' id='line_1_44' title="bbox 182 3760 922 3838; baseline -0.008 -16"><span class='ocrx_word' id='word_1_276' title='bbox 182 3763 340 3822; x_wconf 85' lang='lat' dir='ltr'><strong>Patriciasl</strong></span> <span class='ocrx_word' id='word_1_277' title='bbox 360 3763 423 3838; x_wconf 90' lang='lat' dir='ltr'><strong>quis</strong></span> <span class='ocrx_word' id='word_1_278' title='bbox 436 3762 561 3838; x_wconf 88' lang='lat' dir='ltr'><strong>priscum</strong></span> <span class='ocrx_word' id='word_1_279' title='bbox 576 3760 645 3818; x_wconf 92' lang='lat' dir='ltr'><strong>illud</strong></span> <span class='ocrx_word' id='word_1_280' title='bbox 659 3760 775 3816; x_wconf 88' lang='lat' dir='ltr'><strong>miretur</strong></span> <span class='ocrx_word' id='word_1_281' title='bbox 790 3777 922 3830; x_wconf 89' lang='lat' dir='ltr'><strong>acumen,</strong></span> 
     </span>
    </p>
   </div>
   <div class='ocr_carea' id='block_1_3' title="bbox 183 3837 963 3978">
    <p class='ocr_par' dir='ltr' id='par_1_11' title="bbox 183 3837 963 3978">
     <span class='ocr_line' id='line_1_45' title="bbox 183 3837 963 3978; baseline -0.009 -75"><span class='ocrx_word' id='word_1_282' title='bbox 183 3843 278 3912; x_wconf 78' lang='lat' dir='ltr'><strong>Brute,</strong></span> <span class='ocrx_word' id='word_1_283' title='bbox 293 3842 395 3902; x_wconf 89' lang='lat' dir='ltr'><strong>tuuml</strong></span> <span class='ocrx_word' id='word_1_284' title='bbox 417 3840 534 3978; x_wconf 56' lang='lat' dir='ltr'><strong>2Pacilo</strong></span> <span class='ocrx_word' id='word_1_285' title='bbox 549 3849 591 3898; x_wconf 89' lang='lat' dir='ltr'><strong>est</strong></span> <span class='ocrx_word' id='word_1_286' title='bbox 605 3839 721 3898; x_wconf 88' lang='lat' dir='ltr'><strong>barbato</strong></span> <span class='ocrx_word' id='word_1_287' title='bbox 735 3839 880 3915; x_wconf 87' lang='lat' dir='ltr'><strong>imponere</strong></span> <span class='ocrx_word' id='word_1_288' title='bbox 894 3837 963 3914; x_wconf 79' lang='lat' dir='ltr'><strong>regi.</strong></span> 
     </span>
    </p>
   </div>
   <div class='ocr_carea' id='block_1_4' title="bbox 0 0 1339 4310">
    <p class='ocr_par' dir='ltr' id='par_1_12' title="bbox 0 0 1339 4310">
     <span class='ocr_line' id='line_1_46' title="bbox 0 0 1339 4310; baseline 0 0"><span class='ocrx_word' id='word_1_289' title='bbox 0 0 1339 4310; x_wconf 95' lang='lat' dir='ltr'><strong> </strong></span> 
     </span>
    </p>
   </div>
  </div>
 </body>
</html>
