<?xml version="1.0" encoding="UTF-8"?>
<!DOCTYPE html PUBLIC "-//W3C//DTD XHTML 1.0 Transitional//EN"
    "http://www.w3.org/TR/xhtml1/DTD/xhtml1-transitional.dtd">
<html xmlns="http://www.w3.org/1999/xhtml" xml:lang="en" lang="en">
 <head>
  <title>
</title>
<meta http-equiv="Content-Type" content="text/html;charset=utf-8" />
  <meta name='ocr-system' content='tesseract 3.04.00' />
  <meta name='ocr-capabilities' content='ocr_page ocr_carea ocr_par ocr_line ocrx_word'/>
</head>
<body>
  <div class='ocr_page' id='page_1' title='image "./decimijuniijuve01persgoog_0055.png"; bbox 0 0 2666 4310; ppageno 0'>
   <div class='ocr_carea' id='block_1_1' title="bbox 209 267 881 324">
    <p class='ocr_par' dir='ltr' id='par_1_1' title="bbox 209 267 881 324">
     <span class='ocr_line' id='line_1_1' title="bbox 209 267 881 324; baseline 0.009 -13"><span class='ocrx_word' id='word_1_1' title='bbox 209 267 246 324; x_wconf 67' lang='lat' dir='ltr'><strong>rs</strong></span> <span class='ocrx_word' id='word_1_2' title='bbox 521 269 552 314; x_wconf 89' lang='lat' dir='ltr'><strong>u.</strong></span> <span class='ocrx_word' id='word_1_3' title='bbox 570 267 667 316; x_wconf 83' lang='lat' dir='ltr'><strong>sumi</strong></span> <span class='ocrx_word' id='word_1_4' title='bbox 685 267 881 317; x_wconf 77' lang='lat' dir='ltr'><strong>ruvsnrurs</strong></span> 
     </span>
    </p>
   </div>
   <div class='ocr_carea' id='block_1_2' title="bbox 187 359 1187 3886">
    <p class='ocr_par' dir='ltr' id='par_1_2' title="bbox 187 359 1187 3886">
     <span class='ocr_line' id='line_1_2' title="bbox 273 359 368 400; baseline -0.021 0"><span class='ocrx_word' id='word_1_5' title='bbox 273 388 280 396; x_wconf 83' lang='lat'>-</span> <span class='ocrx_word' id='word_1_6' title='bbox 299 381 310 394; x_wconf 67' lang='grc' dir='ltr'>ι</span> <span class='ocrx_word' id='word_1_7' title='bbox 326 359 368 400; x_wconf 63' lang='lat' dir='ltr'><strong>lta.</strong></span> 
     </span>
     <span class='ocr_line' id='line_1_3' title="bbox 207 407 814 486; baseline 0.008 -22"><span class='ocrx_word' id='word_1_8' title='bbox 207 407 329 466; x_wconf 75' lang='lat' dir='ltr'><strong>Electrae</strong></span> <span class='ocrx_word' id='word_1_9' title='bbox 341 409 441 486; x_wconf 90' lang='lat' dir='ltr'><strong>jugulo</strong></span> <span class='ocrx_word' id='word_1_10' title='bbox 454 429 485 466; x_wconf 84' lang='lat' dir='ltr'><strong>se</strong></span> <span class='ocrx_word' id='word_1_11' title='bbox 499 409 608 486; x_wconf 91' lang='lat' dir='ltr'><strong>polluit,</strong></span> <span class='ocrx_word' id='word_1_12' title='bbox 621 423 669 468; x_wconf 90' lang='lat' dir='ltr'><strong>aut</strong></span> <span class='ocrx_word' id='word_1_13' title='bbox 684 411 814 486; x_wconf 89' lang='lat' dir='ltr'><strong>Spartani</strong></span> 
     </span>
     <span class='ocr_line' id='line_1_4' title="bbox 206 488 911 566; baseline 0.006 -22"><span class='ocrx_word' id='word_1_14' title='bbox 206 488 355 564; x_wconf 83' lang='lat' dir='ltr'><strong>Sanguine</strong></span> <span class='ocrx_word' id='word_1_15' title='bbox 369 489 505 564; x_wconf 82' lang='lat' dir='ltr'><strong>conjugii,</strong></span> <span class='ocrx_word' id='word_1_16' title='bbox 520 491 606 548; x_wconf 82' lang='lat' dir='ltr'><strong>nullis</strong></span> <span class='ocrx_word' id='word_1_17' title='bbox 620 491 733 548; x_wconf 88' lang='lat' dir='ltr'><strong>aconita</strong></span> <span class='ocrx_word' id='word_1_18' title='bbox 746 491 911 566; x_wconf 79' lang='lat' dir='ltr'>propinquis</span> 
     </span>
     <span class='ocr_line' id='line_1_5' title="bbox 206 565 918 642; baseline 0.008 -20"><span class='ocrx_word' id='word_1_19' title='bbox 206 565 335 638; x_wconf 78' lang='lat' dir='ltr'>Miscuit,</span> <span class='ocrx_word' id='word_1_20' title='bbox 350 567 378 624; x_wconf 90' lang='lat' dir='ltr'><strong>in</strong></span> <span class='ocrx_word' id='word_1_21' title='bbox 393 568 481 624; x_wconf 75' lang='lat' dir='ltr'><strong>scena</strong></span> <span class='ocrx_word' id='word_1_22' title='bbox 496 587 640 642; x_wconf 89' lang='lat' dir='ltr'><strong>uunquam</strong></span> <span class='ocrx_word' id='word_1_23' title='bbox 655 570 779 626; x_wconf 82' lang='lat' dir='ltr'><strong>cantavit</strong></span> <span class='ocrx_word' id='word_1_24' title='bbox 792 571 918 628; x_wconf 86' lang='lat' dir='ltr'><strong>Orestes.</strong></span> 
     </span>
     <span class='ocr_line' id='line_1_6' title="bbox 204 644 1003 724; baseline 0.005 -22"><span class='ocrx_word' id='word_1_25' title='bbox 204 644 313 704; x_wconf 86' lang='lat' dir='ltr'><strong>Troica</strong></span> <span class='ocrx_word' id='word_1_26' title='bbox 326 665 384 704; x_wconf 89' lang='lat' dir='ltr'><strong>non</strong></span> <span class='ocrx_word' id='word_1_27' title='bbox 398 647 518 722; x_wconf 80' lang='lat' dir='ltr'><strong>scripsit.</strong></span> <span class='ocrx_word' id='word_1_28' title='bbox 559 647 640 708; x_wconf 78' lang='lat' dir='ltr'><strong>Quid</strong></span> <span class='ocrx_word' id='word_1_29' title='bbox 655 649 731 704; x_wconf 90' lang='lat' dir='ltr'><strong>enim</strong></span> <span class='ocrx_word' id='word_1_30' title='bbox 748 647 903 724; x_wconf 77' lang='lat' dir='ltr'>Verginius</span> <span class='ocrx_word' id='word_1_31' title='bbox 916 647 1003 706; x_wconf 90' lang='lat' dir='ltr'><strong>armis</strong></span> 
     </span>
     <span class='ocr_line' id='line_1_7' title="bbox 204 722 953 802; baseline 0.003 -20"><span class='ocrx_word' id='word_1_32' title='bbox 204 722 311 782; x_wconf 83' lang='lat' dir='ltr'><strong>Debuit</strong></span> <span class='ocrx_word' id='word_1_33' title='bbox 325 725 426 782; x_wconf 83' lang='lat' dir='ltr'><strong>ulcisci</strong></span> <span class='ocrx_word' id='word_1_34' title='bbox 444 723 544 802; x_wconf 82' lang='lat' dir='ltr'><strong>magis,</strong></span> <span class='ocrx_word' id='word_1_35' title='bbox 559 739 608 784; x_wconf 93' lang='lat' dir='ltr'><strong>aut</strong></span> <span class='ocrx_word' id='word_1_36' title='bbox 621 745 687 784; x_wconf 90' lang='lat' dir='ltr'><strong>cum</strong></span> <span class='ocrx_word' id='word_1_37' title='bbox 703 727 827 784; x_wconf 75' lang='lat' dir='ltr'><strong>Vindice</strong></span> <span class='ocrx_word' id='word_1_38' title='bbox 840 727 953 786; x_wconf 81' lang='lat' dir='ltr'><strong>Galbal</strong></span> 
     </span>
     <span class='ocr_line' id='line_1_8' title="bbox 203 802 966 881; baseline 0 -17"><span class='ocrx_word' id='word_1_39' title='bbox 203 802 285 864; x_wconf 81' lang='lat' dir='ltr'><strong>Quid</strong></span> <span class='ocrx_word' id='word_1_40' title='bbox 300 803 379 862; x_wconf 92' lang='lat' dir='ltr'><strong>Nero</strong></span> <span class='ocrx_word' id='word_1_41' title='bbox 392 817 449 862; x_wconf 86' lang='lat' dir='ltr'><strong>tarn</strong></span> <span class='ocrx_word' id='word_1_42' title='bbox 465 807 540 862; x_wconf 72' lang='lat' dir='ltr'><strong>sceva</strong></span> <span class='ocrx_word' id='word_1_43' title='bbox 554 806 700 880; x_wconf 71' lang='lat' dir='ltr'><strong>crudaque</strong></span> <span class='ocrx_word' id='word_1_44' title='bbox 714 807 864 881; x_wconf 83' lang='lat' dir='ltr'><strong>tyrannide</strong></span> <span class='ocrx_word' id='word_1_45' title='bbox 879 807 966 865; x_wconf 90' lang='lat' dir='ltr'><strong>secitl</strong></span> 
     </span>
     <span class='ocr_line' id='line_1_9' title="bbox 203 881 1019 962; baseline 0.006 -23"><span class='ocrx_word' id='word_1_46' title='bbox 203 881 277 940; x_wconf 77' lang='lat' dir='ltr'><strong>Haec</strong></span> <span class='ocrx_word' id='word_1_47' title='bbox 290 903 387 960; x_wconf 89' lang='lat' dir='ltr'><strong>opera,</strong></span> <span class='ocrx_word' id='word_1_48' title='bbox 401 895 484 958; x_wconf 88' lang='lat' dir='ltr'><strong>atque</strong></span> <span class='ocrx_word' id='word_1_49' title='bbox 500 884 543 940; x_wconf 73' lang='lat' dir='ltr'><strong>he</strong></span> <span class='ocrx_word' id='word_1_50' title='bbox 557 895 624 942; x_wconf 92' lang='lat' dir='ltr'><strong>sunt</strong></span> <span class='ocrx_word' id='word_1_51' title='bbox 637 885 767 960; x_wconf 89' lang='lat' dir='ltr'><strong>generosi</strong></span> <span class='ocrx_word' id='word_1_52' title='bbox 783 885 924 962; x_wconf 89' lang='lat' dir='ltr'><strong>Principis</strong></span> <span class='ocrx_word' id='word_1_53' title='bbox 935 897 1019 958; x_wconf 86' lang='lat' dir='ltr'><strong>artes,</strong></span> 
     </span>
     <span class='ocr_line' id='line_1_10' title="bbox 202 961 871 1040; baseline 0.006 -22"><span class='ocrx_word' id='word_1_54' title='bbox 202 961 362 1020; x_wconf 89' lang='lat' dir='ltr'><strong>Gaudentis</strong></span> <span class='ocrx_word' id='word_1_55' title='bbox 376 963 451 1020; x_wconf 86' lang='lat' dir='ltr'><strong>soedo</strong></span> <span class='ocrx_word' id='word_1_56' title='bbox 465 964 613 1038; x_wconf 83' lang='lat' dir='ltr'><strong>peregrina</strong></span> <span class='ocrx_word' id='word_1_57' title='bbox 627 964 662 1020; x_wconf 90' lang='lat' dir='ltr'><strong>ad</strong></span> <span class='ocrx_word' id='word_1_58' title='bbox 677 963 785 1040; x_wconf 86' lang='lat' dir='ltr'><strong>pulpita</strong></span> <span class='ocrx_word' id='word_1_59' title='bbox 798 965 871 1022; x_wconf 83' lang='lat' dir='ltr'><strong>saltu</strong></span> 
     </span>
     <span class='ocr_line' id='line_1_11' title="bbox 202 1039 906 1118; baseline 0.007 -21"><span class='ocrx_word' id='word_1_60' title='bbox 202 1039 347 1114; x_wconf 89' lang='lat' dir='ltr'><strong>Prostitui,</strong></span> <span class='ocrx_word' id='word_1_61' title='bbox 360 1041 511 1116; x_wconf 74' lang='lat' dir='ltr'><strong>Graiaeque</strong></span> <span class='ocrx_word' id='word_1_62' title='bbox 526 1042 621 1118; x_wconf 86' lang='lat' dir='ltr'><strong>opium</strong></span> <span class='ocrx_word' id='word_1_63' title='bbox 636 1044 774 1101; x_wconf 88' lang='lat' dir='ltr'><strong>meruisse</strong></span> <span class='ocrx_word' id='word_1_64' title='bbox 785 1062 906 1102; x_wconf 66' lang='lat' dir='ltr'><strong>coronas.</strong></span> 
     </span>
     <span class='ocr_line' id='line_1_12' title="bbox 202 1117 853 1197; baseline 0.006 -21"><span class='ocrx_word' id='word_1_65' title='bbox 202 1117 343 1196; x_wconf 84' lang='lat' dir='ltr'><strong>Majorum</strong></span> <span class='ocrx_word' id='word_1_66' title='bbox 358 1120 467 1196; x_wconf 82' lang='lat' dir='ltr'><strong>effigies</strong></span> <span class='ocrx_word' id='word_1_67' title='bbox 482 1121 606 1178; x_wconf 89' lang='lat' dir='ltr'><strong>babeant</strong></span> <span class='ocrx_word' id='word_1_68' title='bbox 621 1122 744 1197; x_wconf 89' lang='lat' dir='ltr'><strong>insignia</strong></span> <span class='ocrx_word' id='word_1_69' title='bbox 758 1123 853 1181; x_wconf 87' lang='lat' dir='ltr'><strong>vocis:</strong></span> 
     </span>
     <span class='ocr_line' id='line_1_13' title="bbox 201 1198 919 1277; baseline 0.003 -21"><span class='ocrx_word' id='word_1_70' title='bbox 201 1199 280 1257; x_wconf 84' lang='lat' dir='ltr'><strong>Ante</strong></span> <span class='ocrx_word' id='word_1_71' title='bbox 294 1199 381 1276; x_wconf 89' lang='lat' dir='ltr'><strong>pedes</strong></span> <span class='ocrx_word' id='word_1_72' title='bbox 395 1198 503 1256; x_wconf 88' lang='lat' dir='ltr'><strong>Domiti</strong></span> <span class='ocrx_word' id='word_1_73' title='bbox 517 1200 633 1275; x_wconf 85' lang='lat' dir='ltr'><strong>longum</strong></span> <span class='ocrx_word' id='word_1_74' title='bbox 648 1212 679 1258; x_wconf 91' lang='lat' dir='ltr'><strong>tu</strong></span> <span class='ocrx_word' id='word_1_75' title='bbox 696 1221 770 1276; x_wconf 91' lang='lat' dir='ltr'><strong>pone</strong></span> <span class='ocrx_word' id='word_1_76' title='bbox 784 1202 919 1277; x_wconf 78' lang='lat' dir='ltr'><strong>Thyestae</strong></span> 
     </span>
     <span class='ocr_line' id='line_1_14' title="bbox 202 1277 971 1358; baseline 0.005 -23"><span class='ocrx_word' id='word_1_77' title='bbox 202 1279 303 1354; x_wconf 80' lang='lat' dir='ltr'><strong>Syrma</strong></span> <span class='ocrx_word' id='word_1_78' title='bbox 317 1277 359 1335; x_wconf 83' lang='lat' dir='ltr'><strong>vel</strong></span> <span class='ocrx_word' id='word_1_79' title='bbox 375 1278 538 1354; x_wconf 70' lang='lat' dir='ltr'><strong>Antigonae,</strong></span> <span class='ocrx_word' id='word_1_80' title='bbox 553 1298 603 1336; x_wconf 88' lang='lat' dir='ltr'><strong>seu</strong></span> <span class='ocrx_word' id='word_1_81' title='bbox 618 1299 767 1355; x_wconf 82' lang='lat' dir='ltr'><strong>personam</strong></span> <span class='ocrx_word' id='word_1_82' title='bbox 784 1279 971 1358; x_wconf 82' lang='lat' dir='ltr'><strong>Menalippes,</strong></span> 
     </span>
     <span class='ocr_line' id='line_1_15' title="bbox 201 1355 900 1435; baseline 0.006 -21"><span class='ocrx_word' id='word_1_83' title='bbox 201 1355 239 1414; x_wconf 86' lang='lat' dir='ltr'><strong>Et</strong></span> <span class='ocrx_word' id='word_1_84' title='bbox 252 1358 289 1414; x_wconf 92' lang='lat' dir='ltr'><strong>de</strong></span> <span class='ocrx_word' id='word_1_85' title='bbox 303 1377 461 1414; x_wconf 89' lang='lat' dir='ltr'><strong>marmoreo</strong></span> <span class='ocrx_word' id='word_1_86' title='bbox 474 1358 612 1414; x_wconf 87' lang='lat' dir='ltr'><strong>citharam</strong></span> <span class='ocrx_word' id='word_1_87' title='bbox 627 1361 768 1435; x_wconf 86' lang='lat' dir='ltr'><strong>suspende</strong></span> <span class='ocrx_word' id='word_1_88' title='bbox 782 1361 900 1420; x_wconf 91' lang='lat' dir='ltr'><strong>colosso.</strong></span> 
     </span>
     <span class='ocr_line' id='line_1_16' title="bbox 200 1435 919 1516; baseline -0.001 -19"><span class='ocrx_word' id='word_1_89' title='bbox 200 1435 292 1508; x_wconf 78' lang='lat' dir='ltr'><strong>Quid,</strong></span> <span class='ocrx_word' id='word_1_90' title='bbox 307 1436 442 1508; x_wconf 81' lang='lat' dir='ltr'><strong>Catilina,</strong></span> <span class='ocrx_word' id='word_1_91' title='bbox 456 1436 513 1494; x_wconf 91' lang='lat' dir='ltr'><strong>tuis</strong></span> <span class='ocrx_word' id='word_1_92' title='bbox 525 1439 674 1509; x_wconf 86' lang='lat' dir='ltr'><strong>natalibus,</strong></span> <span class='ocrx_word' id='word_1_93' title='bbox 690 1451 773 1513; x_wconf 84' lang='lat' dir='ltr'><strong>atque</strong></span> <span class='ocrx_word' id='word_1_94' title='bbox 787 1439 919 1516; x_wconf 83' lang='lat' dir='ltr'><strong>Cethegi,</strong></span> 
     </span>
     <span class='ocr_line' id='line_1_17' title="bbox 201 1514 963 1590; baseline 0.007 -19"><span class='ocrx_word' id='word_1_95' title='bbox 201 1514 332 1574; x_wconf 85' lang='lat' dir='ltr'><strong>Inveniet</strong></span> <span class='ocrx_word' id='word_1_96' title='bbox 344 1515 492 1590; x_wconf 90' lang='lat' dir='ltr'><strong>quisquam</strong></span> <span class='ocrx_word' id='word_1_97' title='bbox 506 1517 678 1574; x_wconf 86' lang='lat' dir='ltr'><strong>sublimiusl</strong></span> <span class='ocrx_word' id='word_1_98' title='bbox 700 1519 790 1574; x_wconf 88' lang='lat' dir='ltr'><strong>Arma</strong></span> <span class='ocrx_word' id='word_1_99' title='bbox 804 1531 899 1576; x_wconf 88' lang='lat' dir='ltr'><strong>tamen</strong></span> <span class='ocrx_word' id='word_1_100' title='bbox 914 1539 963 1578; x_wconf 88' lang='lat' dir='ltr'><strong>vos</strong></span> 
     </span>
     <span class='ocr_line' id='line_1_18' title="bbox 200 1593 1006 1676; baseline 0.006 -25"><span class='ocrx_word' id='word_1_101' title='bbox 200 1593 351 1652; x_wconf 82' lang='lat' dir='ltr'><strong>Nocturna</strong></span> <span class='ocrx_word' id='word_1_102' title='bbox 365 1608 394 1652; x_wconf 92' lang='lat' dir='ltr'><strong>et</strong></span> <span class='ocrx_word' id='word_1_103' title='bbox 409 1595 536 1652; x_wconf 86' lang='lat' dir='ltr'><strong>flammas</strong></span> <span class='ocrx_word' id='word_1_104' title='bbox 550 1595 681 1653; x_wconf 90' lang='lat' dir='ltr'><strong>domibus</strong></span> <span class='ocrx_word' id='word_1_105' title='bbox 695 1597 863 1674; x_wconf 83' lang='lat' dir='ltr'><strong>templisque</strong></span> <span class='ocrx_word' id='word_1_106' title='bbox 876 1597 1006 1676; x_wconf 76' lang='lat' dir='ltr'><strong>pardstis,</strong></span> 
     </span>
     <span class='ocr_line' id='line_1_19' title="bbox 200 1672 909 1750; baseline 0.006 -19"><span class='ocrx_word' id='word_1_107' title='bbox 200 1672 239 1731; x_wconf 93' lang='lat' dir='ltr'><strong>Ut</strong></span> <span class='ocrx_word' id='word_1_108' title='bbox 252 1673 436 1732; x_wconf 86' lang='lat' dir='ltr'><strong>Bracatorum</strong></span> <span class='ocrx_word' id='word_1_109' title='bbox 451 1675 542 1748; x_wconf 91' lang='lat' dir='ltr'><strong>pueri,</strong></span> <span class='ocrx_word' id='word_1_110' title='bbox 558 1676 761 1750; x_wconf 83' lang='lat' dir='ltr'><strong>Senonumque</strong></span> <span class='ocrx_word' id='word_1_111' title='bbox 776 1676 909 1750; x_wconf 88' lang='lat' dir='ltr'><strong>minores,</strong></span> 
     </span>
     <span class='ocr_line' id='line_1_20' title="bbox 201 1753 1187 1829; baseline 0.006 -20"><span class='ocrx_word' id='word_1_112' title='bbox 201 1753 284 1825; x_wconf 90' lang='lat' dir='ltr'><strong>Ausi,</strong></span> <span class='ocrx_word' id='word_1_113' title='bbox 297 1754 372 1828; x_wconf 92' lang='lat' dir='ltr'><strong>quod</strong></span> <span class='ocrx_word' id='word_1_114' title='bbox 387 1753 471 1810; x_wconf 86' lang='lat' dir='ltr'><strong>liceat</strong></span> <span class='ocrx_word' id='word_1_115' title='bbox 484 1754 582 1810; x_wconf 77' lang='lat' dir='ltr'><strong>tunicii</strong></span> <span class='ocrx_word' id='word_1_116' title='bbox 596 1756 696 1829; x_wconf 90' lang='lat' dir='ltr'><strong>punire</strong></span> <span class='ocrx_word' id='word_1_117' title='bbox 710 1755 837 1814; x_wconf 78' lang='lat' dir='ltr'><strong>molesta.</strong></span> <span class='ocrx_word' id='word_1_118' title='bbox 1122 1761 1187 1821; x_wconf 80' lang='lat'><strong>235</strong></span> 
     </span>
     <span class='ocr_line' id='line_1_21' title="bbox 200 1831 913 1910; baseline 0.003 -20"><span class='ocrx_word' id='word_1_119' title='bbox 200 1833 258 1890; x_wconf 86' lang='lat' dir='ltr'><strong>Sed</strong></span> <span class='ocrx_word' id='word_1_120' title='bbox 273 1832 369 1910; x_wconf 82' lang='lat' dir='ltr'><strong>vigilat</strong></span> <span class='ocrx_word' id='word_1_121' title='bbox 383 1831 502 1904; x_wconf 91' lang='lat' dir='ltr'><strong>Consul,</strong></span> <span class='ocrx_word' id='word_1_122' title='bbox 517 1833 674 1908; x_wconf 86' lang='lat' dir='ltr'><strong>vexillaque</strong></span> <span class='ocrx_word' id='word_1_123' title='bbox 689 1847 779 1892; x_wconf 81' lang='lat' dir='ltr'><strong>vestra</strong></span> <span class='ocrx_word' id='word_1_124' title='bbox 790 1839 913 1893; x_wconf 71' lang='lat' dir='ltr'><strong>coercet.</strong></span> 
     </span>
     <span class='ocr_line' id='line_1_22' title="bbox 199 1910 927 1988; baseline 0.003 -20"><span class='ocrx_word' id='word_1_125' title='bbox 199 1911 258 1969; x_wconf 89' lang='lat' dir='ltr'><strong>Hic</strong></span> <span class='ocrx_word' id='word_1_126' title='bbox 272 1931 361 1970; x_wconf 88' lang='lat' dir='ltr'><strong>novus</strong></span> <span class='ocrx_word' id='word_1_127' title='bbox 376 1912 510 1988; x_wconf 88' lang='lat' dir='ltr'><strong>Arpinas,</strong></span> <span class='ocrx_word' id='word_1_128' title='bbox 524 1911 667 1988; x_wconf 90' lang='lat' dir='ltr'><strong>ignobilis,</strong></span> <span class='ocrx_word' id='word_1_129' title='bbox 682 1924 711 1970; x_wconf 93' lang='lat' dir='ltr'><strong>et</strong></span> <span class='ocrx_word' id='word_1_130' title='bbox 726 1910 809 1970; x_wconf 79' lang='lat' dir='ltr'><strong>modi)</strong></span> <span class='ocrx_word' id='word_1_131' title='bbox 825 1914 927 1972; x_wconf 75' lang='lat' dir='ltr'><strong>Rome</strong></span> 
     </span>
     <span class='ocr_line' id='line_1_23' title="bbox 199 1989 868 2068; baseline 0.001 -20"><span class='ocrx_word' id='word_1_132' title='bbox 199 1989 383 2068; x_wconf 88' lang='lat' dir='ltr'><strong>Municipalis</strong></span> <span class='ocrx_word' id='word_1_133' title='bbox 397 1991 502 2066; x_wconf 80' lang='lat' dir='ltr'><strong>Eques,</strong></span> <span class='ocrx_word' id='word_1_134' title='bbox 513 1991 657 2066; x_wconf 87' lang='lat' dir='ltr'><strong>galeatum</strong></span> <span class='ocrx_word' id='word_1_135' title='bbox 671 1991 750 2066; x_wconf 88' lang='lat' dir='ltr'><strong>ponit</strong></span> <span class='ocrx_word' id='word_1_136' title='bbox 764 1993 868 2066; x_wconf 91' lang='lat' dir='ltr'><strong>ubique</strong></span> 
     </span>
     <span class='ocr_line' id='line_1_24' title="bbox 198 2069 924 2146; baseline 0.006 -20"><span class='ocrx_word' id='word_1_137' title='bbox 198 2069 367 2128; x_wconf 77' lang='lat' dir='ltr'><strong>P·.&#39;esidium</strong></span> <span class='ocrx_word' id='word_1_138' title='bbox 382 2069 517 2142; x_wconf 87' lang='lat' dir='ltr'><strong>attonitis,</strong></span> <span class='ocrx_word' id='word_1_139' title='bbox 532 2071 603 2128; x_wconf 90' lang='lat' dir='ltr'><strong>etin</strong></span> <span class='ocrx_word' id='word_1_140' title='bbox 617 2070 695 2128; x_wconf 93' lang='lat' dir='ltr'><strong>omni</strong></span> <span class='ocrx_word' id='word_1_141' title='bbox 709 2083 794 2146; x_wconf 85' lang='lat' dir='ltr'><strong>gente</strong></span> <span class='ocrx_word' id='word_1_142' title='bbox 808 2072 924 2130; x_wconf 80' lang='lat' dir='ltr'><strong>laborat</strong></span> 
     </span>
     <span class='ocr_line' id='line_1_25' title="bbox 197 2148 1185 2226; baseline 0.006 -20"><span class='ocrx_word' id='word_1_143' title='bbox 197 2148 328 2208; x_wconf 76' lang='lat' dir='ltr'><strong>&#39;rantum</strong></span> <span class='ocrx_word' id='word_1_144' title='bbox 343 2149 429 2226; x_wconf 91' lang='lat' dir='ltr'><strong>igitur</strong></span> <span class='ocrx_word' id='word_1_145' title='bbox 442 2167 539 2208; x_wconf 89' lang='lat' dir='ltr'><strong>muros</strong></span> <span class='ocrx_word' id='word_1_146' title='bbox 553 2149 627 2207; x_wconf 92' lang='lat' dir='ltr'><strong>intra</strong></span> <span class='ocrx_word' id='word_1_147' title='bbox 641 2161 705 2224; x_wconf 88' lang='lat' dir='ltr'><strong>toga</strong></span> <span class='ocrx_word' id='word_1_148' title='bbox 719 2151 839 2208; x_wconf 87' lang='lat' dir='ltr'><strong>contulit</strong></span> <span class='ocrx_word' id='word_1_149' title='bbox 852 2151 892 2208; x_wconf 93' lang='lat' dir='ltr'><strong>illi</strong></span> <span class='ocrx_word' id='word_1_150' title='bbox 1122 2152 1185 2212; x_wconf 78' lang='lat'><strong>24⁰</strong></span> 
     </span>
     <span class='ocr_line' id='line_1_26' title="bbox 197 2227 1003 2306; baseline 0.004 -21"><span class='ocrx_word' id='word_1_151' title='bbox 197 2227 331 2286; x_wconf 89' lang='lat' dir='ltr'><strong>Nominis</strong></span> <span class='ocrx_word' id='word_1_152' title='bbox 344 2241 373 2286; x_wconf 87' lang='lat' dir='ltr'><strong>et</strong></span> <span class='ocrx_word' id='word_1_153' title='bbox 386 2229 471 2302; x_wconf 86' lang='lat' dir='ltr'><strong>tituli,</strong></span> <span class='ocrx_word' id='word_1_154' title='bbox 486 2241 622 2305; x_wconf 85' lang='lat' dir='ltr'><strong>quantum</strong></span> <span class='ocrx_word' id='word_1_155' title='bbox 637 2247 693 2285; x_wconf 92' lang='lat' dir='ltr'><strong>non</strong></span> <span class='ocrx_word' id='word_1_156' title='bbox 709 2227 851 2302; x_wconf 88' lang='lat' dir='ltr'><strong>Leucade,</strong></span> <span class='ocrx_word' id='word_1_157' title='bbox 865 2241 1003 2306; x_wconf 88' lang='lat' dir='ltr'><strong>quantum</strong></span> 
     </span>
     <span class='ocr_line' id='line_1_27' title="bbox 197 2307 1040 2384; baseline -0.002 -20"><span class='ocrx_word' id='word_1_158' title='bbox 197 2307 354 2366; x_wconf 73' lang='lat' dir='ltr'><strong>Thessaliae</strong></span> <span class='ocrx_word' id='word_1_159' title='bbox 369 2309 477 2384; x_wconf 91' lang='lat' dir='ltr'><strong>campis</strong></span> <span class='ocrx_word' id='word_1_160' title='bbox 490 2307 627 2376; x_wconf 75' lang='lat' dir='ltr'><strong>Octavius</strong></span> <span class='ocrx_word' id='word_1_161' title='bbox 641 2308 756 2366; x_wconf 87' lang='lat' dir='ltr'><strong>abstulit</strong></span> <span class='ocrx_word' id='word_1_162' title='bbox 770 2309 826 2366; x_wconf 88' lang='lat' dir='ltr'><strong>udo</strong></span> <span class='ocrx_word' id='word_1_163' title='bbox 884 2311 921 2362; x_wconf 66' lang='lat' dir='ltr'><strong>du</strong></span> <span class='ocrx_word' id='word_1_164' title='bbox 932 2319 961 2363; x_wconf 73' lang='lat'><strong>&gt;¹⁴</strong></span> <span class='ocrx_word' id='word_1_165' title='bbox 982 2323 988 2334; x_wconf 69' lang='lat'><strong><em>⁴</em></strong></span> <span class='ocrx_word' id='word_1_166' title='bbox 1036 2328 1040 2336; x_wconf 85' lang='lat'><em>·</em></span> 
     </span>
     <span class='ocr_line' id='line_1_28' title="bbox 196 2385 963 2464; baseline 0.001 -21"><span class='ocrx_word' id='word_1_167' title='bbox 196 2385 334 2444; x_wconf 81' lang='lat' dir='ltr'><strong>Caedibus</strong></span> <span class='ocrx_word' id='word_1_168' title='bbox 348 2385 469 2444; x_wconf 84' lang='lat' dir='ltr'><strong>assiduis</strong></span> <span class='ocrx_word' id='word_1_169' title='bbox 479 2388 581 2464; x_wconf 83' lang='lat' dir='ltr'><strong>gladio.</strong></span> <span class='ocrx_word' id='word_1_170' title='bbox 624 2387 682 2444; x_wconf 85' lang='lat' dir='ltr'><strong>Sed</strong></span> <span class='ocrx_word' id='word_1_171' title='bbox 699 2386 794 2444; x_wconf 85' lang='lat' dir='ltr'><strong>Roma</strong></span> <span class='ocrx_word' id='word_1_172' title='bbox 807 2399 963 2462; x_wconf 85' lang='lat' dir='ltr'><strong>parentem,</strong></span> 
     </span>
     <span class='ocr_line' id='line_1_29' title="bbox 195 2465 948 2542; baseline -0.001 -19"><span class='ocrx_word' id='word_1_173' title='bbox 195 2465 291 2523; x_wconf 87' lang='lat' dir='ltr'><strong>Roma</strong></span> <span class='ocrx_word' id='word_1_174' title='bbox 301 2478 410 2542; x_wconf 85' lang='lat' dir='ltr'><strong>patrem</strong></span> <span class='ocrx_word' id='word_1_175' title='bbox 423 2467 521 2540; x_wconf 82' lang='lat' dir='ltr'><strong>patriae</strong></span> <span class='ocrx_word' id='word_1_176' title='bbox 536 2465 706 2523; x_wconf 84' lang='lat' dir='ltr'><strong>Ciceronem</strong></span> <span class='ocrx_word' id='word_1_177' title='bbox 721 2466 810 2522; x_wconf 85' lang='lat' dir='ltr'><strong>libera</strong></span> <span class='ocrx_word' id='word_1_178' title='bbox 823 2466 901 2524; x_wconf 86' lang='lat' dir='ltr'><strong>dixit.</strong></span> <span class='ocrx_word' id='word_1_179' title='bbox 916 2469 948 2513; x_wconf 53' lang='lat' dir='ltr'><strong>b-</strong></span> 
     </span>
     <span class='ocr_line' id='line_1_30' title="bbox 195 2543 1182 2621; baseline 0.005 -20"><span class='ocrx_word' id='word_1_180' title='bbox 195 2544 320 2621; x_wconf 90' lang='lat' dir='ltr'><strong>Arpinas</strong></span> <span class='ocrx_word' id='word_1_181' title='bbox 331 2545 403 2602; x_wconf 89' lang='lat' dir='ltr'><strong>alius</strong></span> <span class='ocrx_word' id='word_1_182' title='bbox 417 2544 583 2604; x_wconf 88' lang='lat' dir='ltr'><strong>Volscorum</strong></span> <span class='ocrx_word' id='word_1_183' title='bbox 610 2545 638 2602; x_wconf 92' lang='lat' dir='ltr'><strong>in</strong></span> <span class='ocrx_word' id='word_1_184' title='bbox 653 2557 747 2602; x_wconf 90' lang='lat' dir='ltr'><strong>monte</strong></span> <span class='ocrx_word' id='word_1_185' title='bbox 762 2543 868 2602; x_wconf 88' lang='lat' dir='ltr'><strong>solebat</strong></span> <span class='ocrx_word' id='word_1_186' title='bbox 1119 2547 1182 2606; x_wconf 76' lang='lat'><strong>245</strong></span> 
     </span>
     <span class='ocr_line' id='line_1_31' title="bbox 194 2622 797 2694; baseline -0.002 -15"><span class='ocrx_word' id='word_1_187' title='bbox 194 2622 315 2682; x_wconf 88' lang='lat' dir='ltr'><strong>Poscere</strong></span> <span class='ocrx_word' id='word_1_188' title='bbox 331 2624 476 2681; x_wconf 90' lang='lat' dir='ltr'><strong>mercedes</strong></span> <span class='ocrx_word' id='word_1_189' title='bbox 487 2625 579 2682; x_wconf 89' lang='lat' dir='ltr'><strong>alieno</strong></span> <span class='ocrx_word' id='word_1_190' title='bbox 593 2623 683 2680; x_wconf 86' lang='lat' dir='ltr'><strong>lassus</strong></span> <span class='ocrx_word' id='word_1_191' title='bbox 697 2635 797 2694; x_wconf 89' lang='lat' dir='ltr'><strong>aratro,</strong></span> 
     </span>
     <span class='ocr_line' id='line_1_32' title="bbox 193 2701 871 2779; baseline 0 -21"><span class='ocrx_word' id='word_1_192' title='bbox 193 2701 222 2758; x_wconf 97' lang='lat' dir='ltr'><strong>N</strong></span> <span class='ocrx_word' id='word_1_193' title='bbox 224 2703 339 2760; x_wconf 88' lang='lat' dir='ltr'><strong>odosam</strong></span> <span class='ocrx_word' id='word_1_194' title='bbox 351 2715 413 2779; x_wconf 88' lang='lat' dir='ltr'><strong>post</strong></span> <span class='ocrx_word' id='word_1_195' title='bbox 426 2704 486 2760; x_wconf 88' lang='lat' dir='ltr'><strong>haec</strong></span> <span class='ocrx_word' id='word_1_196' title='bbox 501 2703 647 2778; x_wconf 88' lang='lat' dir='ltr'><strong>frangebat</strong></span> <span class='ocrx_word' id='word_1_197' title='bbox 658 2701 762 2758; x_wconf 91' lang='lat' dir='ltr'><strong>vertice</strong></span> <span class='ocrx_word' id='word_1_198' title='bbox 776 2703 871 2774; x_wconf 85' lang='lat' dir='ltr'><strong>vitem,</strong></span> 
     </span>
     <span class='ocr_line' id='line_1_33' title="bbox 193 2780 807 2860; baseline -0.003 -22"><span class='ocrx_word' id='word_1_199' title='bbox 193 2782 224 2838; x_wconf 87' lang='lat' dir='ltr'><strong>Si</strong></span> <span class='ocrx_word' id='word_1_200' title='bbox 238 2781 332 2840; x_wconf 88' lang='lat' dir='ltr'><strong>lentus</strong></span> <span class='ocrx_word' id='word_1_201' title='bbox 345 2782 425 2860; x_wconf 69' lang='lat' dir='ltr'><strong>pigris</strong></span> <span class='ocrx_word' id='word_1_202' title='bbox 440 2783 563 2839; x_wconf 90' lang='lat' dir='ltr'><strong>muniret</strong></span> <span class='ocrx_word' id='word_1_203' title='bbox 577 2793 671 2838; x_wconf 87' lang='lat' dir='ltr'><strong>castra</strong></span> <span class='ocrx_word' id='word_1_204' title='bbox 684 2780 807 2837; x_wconf 74' lang='lat' dir='ltr'><strong>dolabra.</strong></span> 
     </span>
     <span class='ocr_line' id='line_1_34' title="bbox 193 2859 960 2934; baseline 0.003 -18"><span class='ocrx_word' id='word_1_205' title='bbox 193 2861 251 2918; x_wconf 89' lang='lat' dir='ltr'><strong>Hic</strong></span> <span class='ocrx_word' id='word_1_206' title='bbox 265 2874 360 2920; x_wconf 90' lang='lat' dir='ltr'><strong>tamen</strong></span> <span class='ocrx_word' id='word_1_207' title='bbox 374 2873 403 2920; x_wconf 81' lang='lat' dir='ltr'><strong>ct</strong></span> <span class='ocrx_word' id='word_1_208' title='bbox 417 2862 549 2918; x_wconf 90' lang='lat' dir='ltr'><strong>Cimbros</strong></span> <span class='ocrx_word' id='word_1_209' title='bbox 562 2872 590 2918; x_wconf 92' lang='lat' dir='ltr'><strong>et</strong></span> <span class='ocrx_word' id='word_1_210' title='bbox 604 2879 714 2918; x_wconf 83' lang='lat' dir='ltr'><strong>summa</strong></span> <span class='ocrx_word' id='word_1_211' title='bbox 727 2859 851 2934; x_wconf 86' lang='lat' dir='ltr'><strong>pericula</strong></span> <span class='ocrx_word' id='word_1_212' title='bbox 866 2879 960 2918; x_wconf 90' lang='lat' dir='ltr'><strong>rerum</strong></span> 
     </span>
     <span class='ocr_line' id='line_1_35' title="bbox 192 2937 1180 3016; baseline -0.003 -20"><span class='ocrx_word' id='word_1_213' title='bbox 192 2939 315 3016; x_wconf 84' lang='lat' dir='ltr'><strong>Excipit,</strong></span> <span class='ocrx_word' id='word_1_214' title='bbox 330 2955 358 3000; x_wconf 93' lang='lat' dir='ltr'><strong>et</strong></span> <span class='ocrx_word' id='word_1_215' title='bbox 372 2941 448 2998; x_wconf 89' lang='lat' dir='ltr'><strong>solus</strong></span> <span class='ocrx_word' id='word_1_216' title='bbox 463 2941 648 3016; x_wconf 85' lang='lat' dir='ltr'><strong>trepidantem</strong></span> <span class='ocrx_word' id='word_1_217' title='bbox 664 2939 783 3014; x_wconf 87' lang='lat' dir='ltr'><strong>protegit</strong></span> <span class='ocrx_word' id='word_1_218' title='bbox 797 2937 911 2996; x_wconf 90' lang='lat' dir='ltr'><strong>Urbem.</strong></span> <span class='ocrx_word' id='word_1_219' title='bbox 1116 2941 1180 3001; x_wconf 73' lang='lat'><strong>250</strong></span> 
     </span>
     <span class='ocr_line' id='line_1_36' title="bbox 192 3019 1082 3096; baseline 0 -20"><span class='ocrx_word' id='word_1_220' title='bbox 192 3020 285 3094; x_wconf 83' lang='lat' dir='ltr'><strong>Atque</strong></span> <span class='ocrx_word' id='word_1_221' title='bbox 300 3021 376 3092; x_wconf 89' lang='lat' dir='ltr'><strong>ideo,</strong></span> <span class='ocrx_word' id='word_1_222' title='bbox 390 3033 537 3096; x_wconf 89' lang='lat' dir='ltr'><strong>postquam</strong></span> <span class='ocrx_word' id='word_1_223' title='bbox 552 3021 587 3076; x_wconf 88' lang='lat' dir='ltr'><strong>ad</strong></span> <span class='ocrx_word' id='word_1_224' title='bbox 602 3019 733 3076; x_wconf 89' lang='lat' dir='ltr'><strong>Cimbros</strong></span> <span class='ocrx_word' id='word_1_225' title='bbox 747 3028 925 3093; x_wconf 87' lang='lat' dir='ltr'><strong>stragemque</strong></span> <span class='ocrx_word' id='word_1_226' title='bbox 940 3019 1082 3092; x_wconf 85' lang='lat' dir='ltr'><strong>volabaut,</strong></span> 
     </span>
     <span class='ocr_line' id='line_1_37' title="bbox 191 3097 956 3176; baseline -0.004 -18"><span class='ocrx_word' id='word_1_227' title='bbox 191 3097 251 3158; x_wconf 76' lang='lat' dir='ltr'><strong>Qui</strong></span> <span class='ocrx_word' id='word_1_228' title='bbox 266 3119 410 3176; x_wconf 88' lang='lat' dir='ltr'><strong>nunquam</strong></span> <span class='ocrx_word' id='word_1_229' title='bbox 422 3100 573 3174; x_wconf 87' lang='lat' dir='ltr'><strong>attigerant</strong></span> <span class='ocrx_word' id='word_1_230' title='bbox 587 3097 691 3172; x_wconf 89' lang='lat' dir='ltr'><strong>majora</strong></span> <span class='ocrx_word' id='word_1_231' title='bbox 705 3097 854 3169; x_wconf 84' lang='lat' dir='ltr'><strong>cadavera,</strong></span> <span class='ocrx_word' id='word_1_232' title='bbox 869 3097 956 3169; x_wconf 83' lang='lat' dir='ltr'><strong>corvi,</strong></span> 
     </span>
     <span class='ocr_line' id='line_1_38' title="bbox 191 3175 799 3252; baseline -0.003 -19"><span class='ocrx_word' id='word_1_233' title='bbox 191 3177 306 3235; x_wconf 90' lang='lat' dir='ltr'><strong>Nobilis</strong></span> <span class='ocrx_word' id='word_1_234' title='bbox 318 3190 434 3236; x_wconf 84' lang='lat' dir='ltr'><strong>ornatur</strong></span> <span class='ocrx_word' id='word_1_235' title='bbox 448 3178 526 3235; x_wconf 90' lang='lat' dir='ltr'><strong>lauro</strong></span> <span class='ocrx_word' id='word_1_236' title='bbox 540 3177 650 3252; x_wconf 89' lang='lat' dir='ltr'><strong>collega</strong></span> <span class='ocrx_word' id='word_1_237' title='bbox 663 3175 799 3232; x_wconf 73' lang='lat' dir='ltr'><strong>secunda.</strong></span> 
     </span>
     <span class='ocr_line' id='line_1_39' title="bbox 191 3255 859 3331; baseline -0.001 -18"><span class='ocrx_word' id='word_1_238' title='bbox 191 3256 311 3315; x_wconf 78' lang='lat' dir='ltr'><strong>Plebeiae</strong></span> <span class='ocrx_word' id='word_1_239' title='bbox 327 3257 480 3316; x_wconf 85' lang='lat' dir='ltr'><strong>Deciorum</strong></span> <span class='ocrx_word' id='word_1_240' title='bbox 495 3257 606 3326; x_wconf 78' lang='lat' dir='ltr'><strong>animae,</strong></span> <span class='ocrx_word' id='word_1_241' title='bbox 621 3255 732 3331; x_wconf 90' lang='lat' dir='ltr'><strong>plebeia</strong></span> <span class='ocrx_word' id='word_1_242' title='bbox 747 3255 859 3312; x_wconf 89' lang='lat' dir='ltr'><strong>fuerunt</strong></span> 
     </span>
     <span class='ocr_line' id='line_1_40' title="bbox 190 3335 1180 3413; baseline 0.003 -20"><span class='ocrx_word' id='word_1_243' title='bbox 190 3335 331 3394; x_wconf 89' lang='lat' dir='ltr'><strong>Nomina:</strong></span> <span class='ocrx_word' id='word_1_244' title='bbox 352 3356 403 3413; x_wconf 92' lang='lat' dir='ltr'><strong>pro</strong></span> <span class='ocrx_word' id='word_1_245' title='bbox 416 3335 482 3394; x_wconf 90' lang='lat' dir='ltr'><strong>totis</strong></span> <span class='ocrx_word' id='word_1_246' title='bbox 492 3335 652 3411; x_wconf 87' lang='lat' dir='ltr'><strong>legionibus</strong></span> <span class='ocrx_word' id='word_1_247' title='bbox 666 3335 695 3392; x_wconf 93' lang='lat' dir='ltr'><strong>hi</strong></span> <span class='ocrx_word' id='word_1_248' title='bbox 709 3347 814 3405; x_wconf 89' lang='lat' dir='ltr'><strong>tamen,</strong></span> <span class='ocrx_word' id='word_1_249' title='bbox 825 3345 854 3391; x_wconf 91' lang='lat' dir='ltr'><strong>et</strong></span> <span class='ocrx_word' id='word_1_250' title='bbox 866 3353 918 3411; x_wconf 94' lang='lat' dir='ltr'><strong>pro</strong></span> <span class='ocrx_word' id='word_1_251' title='bbox 1114 3338 1180 3396; x_wconf 74' lang='lat'><strong>255</strong></span> 
     </span>
     <span class='ocr_line' id='line_1_41' title="bbox 188 3413 875 3490; baseline -0.003 -18"><span class='ocrx_word' id='word_1_252' title='bbox 188 3415 332 3472; x_wconf 90' lang='lat' dir='ltr'><strong>Omnibus</strong></span> <span class='ocrx_word' id='word_1_253' title='bbox 346 3415 467 3487; x_wconf 86' lang='lat' dir='ltr'><strong>auxiliis,</strong></span> <span class='ocrx_word' id='word_1_254' title='bbox 482 3427 565 3489; x_wconf 89' lang='lat' dir='ltr'><strong>atque</strong></span> <span class='ocrx_word' id='word_1_255' title='bbox 579 3415 656 3472; x_wconf 93' lang='lat' dir='ltr'><strong>omni</strong></span> <span class='ocrx_word' id='word_1_256' title='bbox 671 3416 746 3490; x_wconf 91' lang='lat' dir='ltr'><strong>pube</strong></span> <span class='ocrx_word' id='word_1_257' title='bbox 760 3413 875 3484; x_wconf 80' lang='lat' dir='ltr'><strong>Latina,</strong></span> 
     </span>
     <span class='ocr_line' id='line_1_42' title="bbox 188 3493 855 3568; baseline -0.004 -16"><span class='ocrx_word' id='word_1_258' title='bbox 188 3495 343 3552; x_wconf 84' lang='lat' dir='ltr'><strong>Sufficiunt</strong></span> <span class='ocrx_word' id='word_1_259' title='bbox 357 3494 402 3551; x_wconf 88' lang='lat' dir='ltr'><strong>dis</strong></span> <span class='ocrx_word' id='word_1_260' title='bbox 424 3494 541 3551; x_wconf 83' lang='lat' dir='ltr'><strong>infernis</strong></span> <span class='ocrx_word' id='word_1_261' title='bbox 556 3493 710 3568; x_wconf 85' lang='lat' dir='ltr'><strong>Terraeque</strong></span> <span class='ocrx_word' id='word_1_262' title='bbox 724 3493 855 3568; x_wconf 86' lang='lat' dir='ltr'><strong>parenti:</strong></span> 
     </span>
     <span class='ocr_line' id='line_1_43' title="bbox 188 3571 936 3648; baseline -0.004 -16"><span class='ocrx_word' id='word_1_263' title='bbox 188 3574 280 3632; x_wconf 88' lang='lat' dir='ltr'><strong>Pluris</strong></span> <span class='ocrx_word' id='word_1_264' title='bbox 294 3574 371 3632; x_wconf 90' lang='lat' dir='ltr'><strong>enim</strong></span> <span class='ocrx_word' id='word_1_265' title='bbox 386 3573 479 3644; x_wconf 91' lang='lat' dir='ltr'><strong>Decii,</strong></span> <span class='ocrx_word' id='word_1_266' title='bbox 490 3571 575 3648; x_wconf 75' lang='lat' dir='ltr'><strong>quim</strong></span> <span class='ocrx_word' id='word_1_267' title='bbox 586 3591 649 3647; x_wconf 82' lang='lat' dir='ltr'><strong>qnae</strong></span> <span class='ocrx_word' id='word_1_268' title='bbox 664 3584 808 3629; x_wconf 86' lang='lat' dir='ltr'><strong>servantur</strong></span> <span class='ocrx_word' id='word_1_269' title='bbox 823 3571 859 3627; x_wconf 92' lang='lat' dir='ltr'><strong>ab</strong></span> <span class='ocrx_word' id='word_1_270' title='bbox 873 3571 936 3629; x_wconf 91' lang='lat' dir='ltr'><strong>illis.</strong></span> 
     </span>
     <span class='ocr_line' id='line_1_44' title="bbox 187 3635 984 3732; baseline -0.003 -22"><span class='ocrx_word' id='word_1_271' title='bbox 187 3653 305 3712; x_wconf 70' lang='lat' dir='ltr'><strong>Ancilla</strong></span> <span class='ocrx_word' id='word_1_272' title='bbox 320 3665 403 3711; x_wconf 87' lang='lat' dir='ltr'><strong>natus</strong></span> <span class='ocrx_word' id='word_1_273' title='bbox 418 3653 554 3724; x_wconf 87' lang='lat' dir='ltr'><strong>trabeam,</strong></span> <span class='ocrx_word' id='word_1_274' title='bbox 568 3664 597 3709; x_wconf 91' lang='lat' dir='ltr'><strong>et</strong></span> <span class='ocrx_word' id='word_1_275' title='bbox 611 3648 742 3708; x_wconf 69' lang='lat' dir='ltr'><strong>diadem&#39;a</strong></span> <span class='ocrx_word' id='word_1_276' title='bbox 755 3651 883 3722; x_wconf 77' lang='lat' dir='ltr'><strong>Quirini,</strong></span> <span class='ocrx_word' id='word_1_277' title='bbox 914 3635 959 3732; x_wconf 55' lang='lat' dir='ltr'><strong>lg:</strong></span> <span class='ocrx_word' id='word_1_278' title='bbox 977 3645 984 3663; x_wconf 42' lang='lat' dir='ltr'><strong>i</strong></span> 
     </span>
     <span class='ocr_line' id='line_1_45' title="bbox 189 3730 1181 3806; baseline -0.006 -17"><span class='ocrx_word' id='word_1_279' title='bbox 189 3731 224 3791; x_wconf 81' lang='lat' dir='ltr'><strong>Et</strong></span> <span class='ocrx_word' id='word_1_280' title='bbox 239 3734 329 3790; x_wconf 80' lang='lat' dir='ltr'><strong>fasces</strong></span> <span class='ocrx_word' id='word_1_281' title='bbox 343 3732 446 3789; x_wconf 88' lang='lat' dir='ltr'><strong>meruit</strong></span> <span class='ocrx_word' id='word_1_282' title='bbox 459 3751 556 3806; x_wconf 89' lang='lat' dir='ltr'><strong>regum</strong></span> <span class='ocrx_word' id='word_1_283' title='bbox 569 3731 686 3787; x_wconf 88' lang='lat' dir='ltr'><strong>ultimus</strong></span> <span class='ocrx_word' id='word_1_284' title='bbox 700 3730 746 3786; x_wconf 91' lang='lat' dir='ltr'><strong>ille</strong></span> <span class='ocrx_word' id='word_1_285' title='bbox 761 3731 905 3786; x_wconf 89' lang='lat' dir='ltr'><strong>bonorum.</strong></span> <span class='ocrx_word' id='word_1_286' title='bbox 956 3743 970 3790; x_wconf 60' lang='lat' dir='ltr'><strong>t,</strong></span> <span class='ocrx_word' id='word_1_287' title='bbox 1056 3782 1060 3789; x_wconf 88' lang='grc'><em>,</em></span> <span class='ocrx_word' id='word_1_288' title='bbox 1114 3731 1181 3790; x_wconf 75' lang='grc'><strong>260</strong></span> 
     </span>
     <span class='ocr_line' id='line_1_46' title="bbox 187 3807 879 3886; baseline -0.004 -17"><span class='ocrx_word' id='word_1_289' title='bbox 187 3811 301 3870; x_wconf 82' lang='lat' dir='ltr'><strong>Prodita</strong></span> <span class='ocrx_word' id='word_1_290' title='bbox 314 3812 446 3870; x_wconf 84' lang='lat' dir='ltr'><strong>laxabant</strong></span> <span class='ocrx_word' id='word_1_291' title='bbox 459 3822 602 3886; x_wconf 85' lang='lat' dir='ltr'><strong>portarum</strong></span> <span class='ocrx_word' id='word_1_292' title='bbox 616 3810 738 3866; x_wconf 87' lang='lat' dir='ltr'><strong>claustra</strong></span> <span class='ocrx_word' id='word_1_293' title='bbox 751 3807 879 3884; x_wconf 88' lang='lat' dir='ltr'><strong>tyrannis</strong></span> 
     </span>
    </p>
   </div>
   <div class='ocr_carea' id='block_1_3' title="bbox 0 0 1338 4310">
    <p class='ocr_par' dir='ltr' id='par_1_3' title="bbox 0 0 1338 4310">
     <span class='ocr_line' id='line_1_47' title="bbox 0 0 1338 4310; baseline 0 7"><span class='ocrx_word' id='word_1_294' title='bbox 0 0 1338 4310; x_wconf 95' lang='lat' dir='ltr'><strong> </strong></span> 
     </span>
    </p>
   </div>
  </div>
 </body>
</html>
