2666 4310
188 223 222 280 l'l
494 221 527 270 D.
544 221 642 270 JUNll
658 220 856 270 luvenalis

185 362 244 419 Res
259 376 379 438 angusta
392 363 485 427 dimi:
507 365 557 420 sed
574 363 676 422 Rome
689 364 785 422 durior
801 363 857 422 illis

182 443 325 500 Conatus:
347 461 451 517 magno
465 443 616 518 hospitium
632 443 800 514 miserabile,
816 461 920 519 magno

181 523 331 578 Servorum
347 535 468 592 ventres,
483 535 512 578 et
527 523 599 597 frugi
614 523 727 579 coenula
741 541 854 598 magno.

181 599 330 656 Fictilibus
344 619 457 656 coenare
471 602 568 676 pudet,
582 601 657 675 quod
673 613 753 678 turpe
768 601 883 676 negavit

180 677 350 736 Translatus
364 678 456 736 subito
472 680 506 736 ad
522 679 632 736 Marsos
647 699 829 756 mensamque
844 679 986 738 Sabellam
995 697 1004 750 ς

179 757 394 832 contentusque
408 757 467 814 illic
492 773 593 816 veneto
607 760 733 833 duroque
747 759 862 818 culullo.

218 837 286 894 Pars
301 856 403 913 magna
417 837 507 894 Italiae
521 849 573 908 est,
588 837 611 894 si
626 857 722 894 verum
737 839 928 913 admittimus,
937 837 967 896 in
980 837 1038 913 qud

178 915 273 974 Nemo
287 929 381 992 togam
395 916 490 987 sumit,
505 917 560 974 nisi
575 929 709 974 mortuus.
751 915 817 992 Ipsa
830 917 940 976 dierum

178 994 328 1052 Festorum
343 996 462 1052 herboso
477 995 578 1052 colitur
592 996 615 1052 si
629 997 743 1070 quando
756 997 866 1054 theatro

177 1072 322 1150 Majestes,
336 1075 507 1149 tandemque
522 1075 595 1132 redit
609 1075 643 1130 ad
659 1075 767 1150 pulpita
780 1085 879 1133 notum

177 1151 328 1224 Exodium,
343 1172 430 1228 quum
444 1173 571 1229 personae
591 1154 723 1229 pallentis
738 1154 847 1212 hiatum

176 1230 211 1288 In
226 1231 335 1308 gremio
349 1233 445 1289 matris
460 1232 591 1290 formidat
605 1234 727 1290 rusticus
742 1233 854 1300 infans;

176 1311 314 1386 AEquales
329 1311 442 1368 habitus
457 1311 525 1382 illic,
541 1312 700 1386 similesque
715 1312 823 1370 videbis

174 1389 360 1447 Orchestram
374 1402 402 1447 et
416 1391 570 1466 populum:
591 1392 660 1448 clari
675 1392 803 1448 velamen
818 1391 943 1464 honoris,

175 1469 328 1527 Sufficiunt
341 1469 446 1527 tunicae
459 1471 576 1527 summis
591 1471 719 1527 edilibus
733 1471 811 1528 albae.

175 1547 234 1606 Hic
248 1549 320 1606 ultra
334 1549 406 1605 vires
421 1549 533 1606 habitds
548 1551 636 1607 nitor:
659 1550 707 1606 lrlc
721 1550 826 1624 aliquid
840 1549 914 1626 plus,

173 1627 273 1690 Quum
289 1625 357 1685 satls
370 1639 422 1698 est,
438 1628 579 1685 interdum
594 1629 686 1686 alienft
700 1630 819 1686 sumitur
834 1629 909 1686 arod.

173 1707 334 1764 Commune
349 1707 377 1764 id
393 1709 489 1765 vitium
504 1719 554 1765 est.
596 1708 656 1764 ch
671 1708 789 1764 vivimus
803 1706 951 1766 anibitiost

175 1786 343 1863 Paupertate
358 1806 465 1845 omnes.
506 1787 585 1847 Quid
601 1800 634 1843 te
644 1788 755 1844 mororl
776 1786 883 1844 Omnia
897 1787 1001 1844 Rornae

68 1905 71 1910 -
172 1865 248 1923 Cum
262 1867 358 1942 pretio.
399 1866 480 1928 Quid
493 1867 553 1937 das,
569 1879 599 1924 ut
613 1867 734 1922 Cossum
749 1866 900 1941 aliquando
913 1866 1039 1926 salutesl

174 1945 210 2003 Ut
224 1961 252 2004 te
267 1946 402 2022 respiciat
416 1946 512 2002 clauso
527 1947 649 2002 Veiento
662 1945 784 2002 labellol

172 2025 224 2082 Ille
238 2027 318 2082 metit
333 2027 457 2096 barbam,
473 2027 580 2082 crinem
597 2025 643 2081 hic
659 2025 775 2100 deponit
786 2024 880 2082 amati.

172 2105 258 2162 Plena
273 2105 374 2162 domus
388 2105 452 2161 libis
467 2105 623 2161 venalibus.
666 2104 786 2179 Accipe,
801 2116 829 2160 et
844 2103 919 2161 istud

172 2183 356 2241 Fermentum
370 2185 420 2240 tibi
437 2185 522 2239 habe:
543 2194 675 2258 praestare
691 2183 794 2240 tributa
809 2183 928 2240 clientes
1100 2183 1157 2242 ltu

170 2263 317 2338 Cogimur,
332 2275 361 2319 et
375 2263 458 2318 cultis
473 2281 577 2336 augere
593 2261 703 2336 peculia
722 2262 817 2318 servis.

208 2341 284 2401 Quis
299 2341 388 2410 timet,
404 2353 451 2398 aut
465 2341 558 2397 timuit
572 2341 665 2414 gelidai
682 2341 824 2398 Praeneste
838 2340 960 2413 ruinam,

171 2421 229 2479 Aut
243 2420 340 2494 positis
354 2439 501 2476 nemorose
513 2421 585 2476 inter
598 2420 666 2494 juga
681 2419 826 2492 Volsiniis,
840 2431 889 2477 aut

169 2499 353 2574 Simplicibus
366 2499 474 2570 Gabiis,
489 2511 538 2555 aut
551 2499 632 2574 proni
646 2498 764 2556 Tiburis
778 2501 863 2556 arcel

169 2577 230 2635 Nos
245 2578 342 2635 urbem
358 2578 477 2634 colimus
488 2579 566 2635 tenui
581 2577 698 2635 tibicine
713 2578 810 2636 fultam

169 2655 276 2732 Magna
290 2669 368 2733 parte
383 2657 435 2712 sui.
477 2657 551 2714 Nam
567 2676 609 2713 src
623 2657 783 2714 labentibus
796 2657 889 2716 obstat

170 2735 297 2808 Villicus,
312 2748 340 2794 et
356 2737 456 2794 veteris
470 2738 548 2794 rimae
561 2755 649 2811 quum
662 2737 734 2795 texit
748 2735 869 2808 hiatum,

167 2816 289 2873 Securos
303 2816 446 2891 pendente
458 2815 539 2891 jubet
552 2815 674 2872 dormire
689 2816 781 2872 ruine.

169 2895 327 2952 Vivendum
343 2893 468 2966 estillic,
484 2895 532 2950 ubi
547 2894 624 2951 nulla
640 2895 782 2965 incendia,
794 2893 864 2952 nulli

165 2973 259 3031 Nocte
274 2985 373 3030 metus.
414 2973 479 3030 Jam
494 2973 586 3049 poscit
600 2993 711 3047 aquam,
723 2973 781 3048 jam
797 2973 893 3030 frivola
906 2971 1038 3032 transfert
1092 2973 1149 3032 18⁰

165 3051 328 3128 Ucalegon;
350 3053 476 3110 tabulata
489 3053 539 3109 tibi
558 3053 616 3127 jam
632 3053 713 3109 tertia
728 3053 852 3110 fumant:

164 3131 213 3188 Tu
227 3133 329 3188 nescis.
372 3132 448 3188 bam
462 3133 486 3188 si
500 3131 635 3206 gradibus
649 3132 801 3206 trepidatur
816 3132 852 3188 ab
862 3132 936 3204 imis,

164 3209 285 3268 Ultimus
301 3210 419 3282 ardebit,
433 3230 516 3285 quern
531 3211 629 3284 tegula
643 3211 702 3267 sola
716 3222 810 3269 tuetur

163 3289 190 3344 Ἀ
205 3289 310 3364 pluvia,
325 3290 423 3346 molles
438 3290 485 3345 ubi
501 3289 623 3346 reddunt
636 3309 689 3346 ova
701 3291 848 3347 columbae.

163 3367 268 3424 Lectus
282 3379 342 3426 erat
356 3367 450 3426 Codro
465 3368 585 3425 Proculd
600 3369 701 3439 minor,
717 3370 823 3426 urceoli
838 3389 898 3440 sex,
1090 3369 1145 3428 185

164 3444 370 3504 Ornamentum
386 3449 476 3512 abaci,
507 3467 561 3504 nec
576 3467 632 3504 non
647 3461 676 3504 et
689 3449 821 3523 parvulus
835 3447 908 3506 infre

162 3525 333 3596 Cantharus,
348 3537 377 3583 et
390 3527 530 3583 recubans
544 3526 597 3582 sub
610 3528 709 3584 eodem
726 3546 864 3584 marmore
878 3528 985 3584 Chiron
997 3545 1005 3597 ;

161 3603 282 3680 Jamque
298 3616 377 3662 vetus
390 3606 506 3662 Graecos
521 3606 647 3662 servabat
663 3606 734 3664 cista
748 3607 867 3678 libellos

162 3683 198 3741 llt
211 3683 307 3741 divina
319 3684 394 3760 opici
409 3685 546 3742 rodebant
561 3685 689 3742 carmina
703 3704 805 3742 mures.
994 3751 996 3754 Ι

162 3761 211 3820 Nil
225 3764 322 3822 hebuit
337 3763 465 3821 Codrus:
485 3764 549 3838 quis
563 3764 639 3820 eninr
654 3765 759 3839 negatl
780 3775 919 3822 ettamen
935 3763 1004 3822 illud
1090 3767 1143 3826 190
