<?xml version="1.0" encoding="UTF-8"?>
<!DOCTYPE html PUBLIC "-//W3C//DTD XHTML 1.0 Transitional//EN"
    "http://www.w3.org/TR/xhtml1/DTD/xhtml1-transitional.dtd">
<html xmlns="http://www.w3.org/1999/xhtml" xml:lang="en" lang="en">
 <head>
  <title>
</title>
<meta http-equiv="Content-Type" content="text/html;charset=utf-8" />
  <meta name='ocr-system' content='tesseract 3.04.00' />
  <meta name='ocr-capabilities' content='ocr_page ocr_carea ocr_par ocr_line ocrx_word'/>
</head>
<body>
  <div class='ocr_page' id='page_1' title='image "./decimijuniijuve01persgoog_0067.png"; bbox 0 0 2666 4310; ppageno 0'>
   <div class='ocr_carea' id='block_1_1' title="bbox 188 286 859 342">
    <p class='ocr_par' dir='ltr' id='par_1_1' title="bbox 188 286 859 342">
     <span class='ocr_line' id='line_1_1' title="bbox 188 286 859 342; baseline -0.012 0"><span class='ocrx_word' id='word_1_1' title='bbox 188 290 227 342; x_wconf 78' lang='lat' dir='ltr'>llll</span> <span class='ocrx_word' id='word_1_2' title='bbox 500 287 532 334; x_wconf 89' lang='lat' dir='ltr'>D.</span> <span class='ocrx_word' id='word_1_3' title='bbox 549 287 644 334; x_wconf 73' lang='lat' dir='ltr'>JUltll</span> <span class='ocrx_word' id='word_1_4' title='bbox 663 286 859 334; x_wconf 77' lang='lat' dir='ltr'>JUl&#39;llNALlS</span> 
     </span>
    </p>
   </div>
   <div class='ocr_carea' id='block_1_2' title="bbox 188 427 1174 1212">
    <p class='ocr_par' dir='ltr' id='par_1_2' title="bbox 188 427 1174 736">
     <span class='ocr_line' id='line_1_2' title="bbox 188 427 1174 505; baseline 0.002 -25"><span class='ocrx_word' id='word_1_5' title='bbox 188 427 321 503; x_wconf 82' lang='lat' dir='ltr'>Corporis</span> <span class='ocrx_word' id='word_1_6' title='bbox 335 427 442 504; x_wconf 80' lang='lat' dir='ltr'><strong>egregii</strong></span> <span class='ocrx_word' id='word_1_7' title='bbox 459 447 575 485; x_wconf 86' lang='lat' dir='ltr'>miseros</span> <span class='ocrx_word' id='word_1_8' title='bbox 589 429 769 504; x_wconf 82' lang='lat' dir='ltr'>trepidosque</span> <span class='ocrx_word' id='word_1_9' title='bbox 783 441 916 505; x_wconf 77' lang='lat' dir='ltr'>parentes</span> <span class='ocrx_word' id='word_1_10' title='bbox 1113 431 1174 489; x_wconf 65' lang='grc' dir='ltr'><em>Μ</em></span> 
     </span>
     <span class='ocr_line' id='line_1_3' title="bbox 188 507 955 582; baseline 0.001 -19"><span class='ocrx_word' id='word_1_11' title='bbox 188 509 306 582; x_wconf 80' lang='lat' dir='ltr'>Semper</span> <span class='ocrx_word' id='word_1_12' title='bbox 322 509 413 564; x_wconf 84' lang='lat' dir='ltr'>lrabet.</span> <span class='ocrx_word' id='word_1_13' title='bbox 456 507 534 564; x_wconf 85' lang='lat' dir='ltr'>Rara</span> <span class='ocrx_word' id='word_1_14' title='bbox 548 521 591 564; x_wconf 89' lang='lat' dir='ltr'>est</span> <span class='ocrx_word' id='word_1_15' title='bbox 606 507 678 566; x_wconf 83' lang='lat' dir='ltr'>adeb</span> <span class='ocrx_word' id='word_1_16' title='bbox 692 509 844 564; x_wconf 89' lang='lat' dir='ltr'>concordia</span> <span class='ocrx_word' id='word_1_17' title='bbox 860 509 955 564; x_wconf 72' lang='lat' dir='ltr'>forme</span> 
     </span>
     <span class='ocr_line' id='line_1_4' title="bbox 191 585 1100 662; baseline -0.001 -22"><span class='ocrx_word' id='word_1_18' title='bbox 191 587 449 660; x_wconf 79' lang='lat' dir='ltr'>Atquepudicitiae.</span> <span class='ocrx_word' id='word_1_19' title='bbox 492 585 822 656; x_wconf 75' lang='lat' dir='ltr'>Sanctoslicetlrorrldn</span> <span class='ocrx_word' id='word_1_20' title='bbox 837 605 929 642; x_wconf 90' lang='lat' dir='ltr'>mores</span> <span class='ocrx_word' id='word_1_21' title='bbox 960 599 1022 662; x_wconf 42' lang='lat' dir='ltr'>Aa.</span> <span class='ocrx_word' id='word_1_22' title='bbox 1057 606 1100 650; x_wconf 49' lang='grc' dir='ltr'>(ι,</span> 
     </span>
     <span class='ocr_line' id='line_1_5' title="bbox 189 663 910 736; baseline 0 -16"><span class='ocrx_word' id='word_1_23' title='bbox 189 663 350 721; x_wconf 77' lang='lat' dir='ltr'>Trarliderit</span> <span class='ocrx_word' id='word_1_24' title='bbox 364 665 474 734; x_wconf 88' lang='lat' dir='ltr'>domus,</span> <span class='ocrx_word' id='word_1_25' title='bbox 488 683 522 720; x_wconf 87' lang='lat' dir='ltr'>ac</span> <span class='ocrx_word' id='word_1_26' title='bbox 537 677 643 722; x_wconf 86' lang='lat' dir='ltr'>veteres</span> <span class='ocrx_word' id='word_1_27' title='bbox 658 666 764 721; x_wconf 86' lang='lat' dir='ltr'>imitata</span> <span class='ocrx_word' id='word_1_28' title='bbox 780 665 910 736; x_wconf 90' lang='lat' dir='ltr'>Sabinos,</span> 
     </span>
    </p>

    <p class='ocr_par' dir='ltr' id='par_1_3' title="bbox 190 742 930 818">
     <span class='ocr_line' id='line_1_6' title="bbox 190 742 930 818; baseline 0.005 -20"><span class='ocrx_word' id='word_1_29' title='bbox 190 742 328 799; x_wconf 64' lang='lat' dir='ltr'>Praeterea</span> <span class='ocrx_word' id='word_1_30' title='bbox 341 757 449 800; x_wconf 89' lang='lat' dir='ltr'>castum</span> <span class='ocrx_word' id='word_1_31' title='bbox 465 743 611 818; x_wconf 82' lang='lat' dir='ltr'>ingenium</span> <span class='ocrx_word' id='word_1_32' title='bbox 626 744 788 817; x_wconf 88' lang='lat' dir='ltr'>vultumque</span> <span class='ocrx_word' id='word_1_33' title='bbox 803 745 930 802; x_wconf 82' lang='lat' dir='ltr'>modesto</span> 
     </span>
    </p>

    <p class='ocr_par' dir='ltr' id='par_1_4' title="bbox 188 822 1174 977">
     <span class='ocr_line' id='line_1_7' title="bbox 188 822 1174 897; baseline 0.005 -21"><span class='ocrx_word' id='word_1_34' title='bbox 188 822 335 896; x_wconf 82' lang='lat' dir='ltr'>Sanguine</span> <span class='ocrx_word' id='word_1_35' title='bbox 351 822 504 879; x_wconf 83' lang='lat' dir='ltr'>ferventem</span> <span class='ocrx_word' id='word_1_36' title='bbox 519 822 623 878; x_wconf 85' lang='lat' dir='ltr'>tribuat</span> <span class='ocrx_word' id='word_1_37' title='bbox 637 835 737 878; x_wconf 92' lang='lat' dir='ltr'>natura</span> <span class='ocrx_word' id='word_1_38' title='bbox 753 823 877 897; x_wconf 71' lang='lat' dir='ltr'>benigni</span> <span class='ocrx_word' id='word_1_39' title='bbox 1112 823 1174 881; x_wconf 70' lang='lat'>295</span> 
     </span>
     <span class='ocr_line' id='line_1_8' title="bbox 190 899 1021 977; baseline 0.004 -22"><span class='ocrx_word' id='word_1_40' title='bbox 190 899 280 974; x_wconf 87' lang='lat' dir='ltr'>Larga</span> <span class='ocrx_word' id='word_1_41' title='bbox 294 919 399 968; x_wconf 90' lang='lat' dir='ltr'>manu;</span> <span class='ocrx_word' id='word_1_42' title='bbox 423 899 503 976; x_wconf 85' lang='lat' dir='ltr'>(quid</span> <span class='ocrx_word' id='word_1_43' title='bbox 518 901 594 957; x_wconf 90' lang='lat' dir='ltr'>enim</span> <span class='ocrx_word' id='word_1_44' title='bbox 609 919 697 976; x_wconf 90' lang='lat' dir='ltr'>puero</span> <span class='ocrx_word' id='word_1_45' title='bbox 711 901 840 956; x_wconf 82' lang='lat' dir='ltr'>conferre</span> <span class='ocrx_word' id='word_1_46' title='bbox 853 911 945 976; x_wconf 88' lang='lat' dir='ltr'>potest</span> <span class='ocrx_word' id='word_1_47' title='bbox 957 901 1021 977; x_wconf 83' lang='lat' dir='ltr'>plus</span> 
     </span>
    </p>

    <p class='ocr_par' dir='ltr' id='par_1_5' title="bbox 188 977 828 1056">
     <span class='ocr_line' id='line_1_9' title="bbox 188 977 828 1056; baseline 0.003 -23"><span class='ocrx_word' id='word_1_48' title='bbox 188 977 313 1035; x_wconf 79' lang='lat' dir='ltr'>Custode</span> <span class='ocrx_word' id='word_1_49' title='bbox 322 991 351 1036; x_wconf 90' lang='lat' dir='ltr'>et</span> <span class='ocrx_word' id='word_1_50' title='bbox 365 981 435 1036; x_wconf 73' lang='lat' dir='ltr'>curti</span> <span class='ocrx_word' id='word_1_51' title='bbox 450 991 549 1036; x_wconf 85' lang='lat' dir='ltr'>natura</span> <span class='ocrx_word' id='word_1_52' title='bbox 564 981 702 1054; x_wconf 88' lang='lat' dir='ltr'>potentior</span> <span class='ocrx_word' id='word_1_53' title='bbox 716 979 794 1035; x_wconf 86' lang='lat' dir='ltr'>omni</span> <span class='ocrx_word' id='word_1_54' title='bbox 803 981 828 1056; x_wconf 85' lang='lat' dir='ltr'>l)</span> 
     </span>
    </p>

    <p class='ocr_par' dir='ltr' id='par_1_6' title="bbox 188 1055 913 1133">
     <span class='ocr_line' id='line_1_10' title="bbox 188 1055 913 1133; baseline 0.006 -21"><span class='ocrx_word' id='word_1_55' title='bbox 188 1055 254 1113; x_wconf 91' lang='lat' dir='ltr'>Non</span> <span class='ocrx_word' id='word_1_56' title='bbox 269 1057 336 1115; x_wconf 89' lang='lat' dir='ltr'>licet</span> <span class='ocrx_word' id='word_1_57' title='bbox 349 1077 411 1115; x_wconf 84' lang='lat' dir='ltr'>esse</span> <span class='ocrx_word' id='word_1_58' title='bbox 426 1057 510 1114; x_wconf 89' lang='lat' dir='ltr'>viris:</span> <span class='ocrx_word' id='word_1_59' title='bbox 532 1077 597 1114; x_wconf 89' lang='lat' dir='ltr'>narn</span> <span class='ocrx_word' id='word_1_60' title='bbox 612 1059 729 1133; x_wconf 91' lang='lat' dir='ltr'>prodiga</span> <span class='ocrx_word' id='word_1_61' title='bbox 743 1059 913 1133; x_wconf 79' lang='lat' dir='ltr'>corruptoris</span> 
     </span>
    </p>

    <p class='ocr_par' dir='ltr' id='par_1_7' title="bbox 188 1133 859 1212">
     <span class='ocr_line' id='line_1_11' title="bbox 188 1133 859 1212; baseline 0.003 -22"><span class='ocrx_word' id='word_1_62' title='bbox 188 1133 356 1210; x_wconf 85' lang='lat' dir='ltr'>lmprobitas</span> <span class='ocrx_word' id='word_1_63' title='bbox 370 1138 444 1212; x_wconf 84' lang='lat' dir='ltr'>ipsos</span> <span class='ocrx_word' id='word_1_64' title='bbox 459 1137 544 1194; x_wconf 84' lang='lat' dir='ltr'>audet</span> <span class='ocrx_word' id='word_1_65' title='bbox 557 1151 665 1194; x_wconf 85' lang='lat' dir='ltr'>tentare</span> <span class='ocrx_word' id='word_1_66' title='bbox 679 1149 859 1212; x_wconf 83' lang='lat' dir='ltr'>parentes.-</span> 
     </span>
    </p>
   </div>
   <div class='ocr_carea' id='block_1_3' title="bbox 30 1213 1174 1528">
    <p class='ocr_par' dir='ltr' id='par_1_8' title="bbox 30 1213 1174 1528">
     <span class='ocr_line' id='line_1_12' title="bbox 48 1213 1174 1290; baseline 0.005 -21"><span class='ocrx_word' id='word_1_67' title='bbox 48 1246 56 1279; x_wconf 54' lang='grc' dir='ltr'>,ι</span> <span class='ocrx_word' id='word_1_68' title='bbox 188 1213 246 1270; x_wconf 86' lang='lat' dir='ltr'>Sed</span> <span class='ocrx_word' id='word_1_69' title='bbox 260 1227 338 1273; x_wconf 87' lang='lat' dir='ltr'>casto</span> <span class='ocrx_word' id='word_1_70' title='bbox 352 1215 419 1290; x_wconf 90' lang='lat' dir='ltr'>quid</span> <span class='ocrx_word' id='word_1_71' title='bbox 435 1215 523 1273; x_wconf 85' lang='lat' dir='ltr'>lorma</span> <span class='ocrx_word' id='word_1_72' title='bbox 538 1217 642 1272; x_wconf 83' lang='lat' dir='ltr'>nocetl</span> <span class='ocrx_word' id='word_1_73' title='bbox 663 1216 730 1290; x_wconf 90' lang='lat' dir='ltr'>quid</span> <span class='ocrx_word' id='word_1_74' title='bbox 745 1215 848 1290; x_wconf 77' lang='lat' dir='ltr'>profuit</span> <span class='ocrx_word' id='word_1_75' title='bbox 862 1216 949 1274; x_wconf 84' lang='lat' dir='ltr'>imino</span> <span class='ocrx_word' id='word_1_76' title='bbox 1112 1217 1174 1275; x_wconf 76' lang='lat'>8⁰⁰</span> 
     </span>
     <span class='ocr_line' id='line_1_13' title="bbox 72 1284 986 1374; baseline 0.004 -26"><span class='ocrx_word' id='word_1_77' title='bbox 72 1285 84 1310; x_wconf 90' lang='grc'><em>”</em></span> <span class='ocrx_word' id='word_1_78' title='bbox 101 1284 140 1312; x_wconf 74' lang='grc'>“”’</span> <span class='ocrx_word' id='word_1_79' title='bbox 153 1285 165 1304; x_wconf 66' lang='grc'><em>“</em></span> <span class='ocrx_word' id='word_1_80' title='bbox 189 1292 341 1374; x_wconf 59' lang='grc' dir='ltr'>Ηίρρῴγῑο</span> <span class='ocrx_word' id='word_1_81' title='bbox 355 1313 439 1370; x_wconf 88' lang='lat' dir='ltr'>grave</span> <span class='ocrx_word' id='word_1_82' title='bbox 453 1294 625 1370; x_wconf 86' lang='lat' dir='ltr'>propositum</span> <span class='ocrx_word' id='word_1_83' title='bbox 638 1296 650 1350; x_wconf 84' lang='lat' dir='ltr'>l</span> <span class='ocrx_word' id='word_1_84' title='bbox 672 1295 738 1368; x_wconf 94' lang='lat' dir='ltr'>quid</span> <span class='ocrx_word' id='word_1_85' title='bbox 756 1294 986 1371; x_wconf 86' lang='lat' dir='ltr'>Bellerophontil</span> 
     </span>
     <span class='ocr_line' id='line_1_14' title="bbox 91 1371 855 1449; baseline 0.003 -23"><span class='ocrx_word' id='word_1_86' title='bbox 91 1443 95 1449; x_wconf 88' lang='lat'><em>.</em></span> <span class='ocrx_word' id='word_1_87' title='bbox 190 1371 309 1429; x_wconf 86' lang='lat' dir='ltr'>Erubuit</span> <span class='ocrx_word' id='word_1_88' title='bbox 323 1392 425 1448; x_wconf 87' lang='lat' dir='ltr'>nempe</span> <span class='ocrx_word' id='word_1_89' title='bbox 439 1374 510 1442; x_wconf 78' lang='lat' dir='ltr'>haec,</span> <span class='ocrx_word' id='word_1_90' title='bbox 525 1391 578 1428; x_wconf 83' lang='lat' dir='ltr'>ceu</span> <span class='ocrx_word' id='word_1_91' title='bbox 594 1373 724 1443; x_wconf 82' lang='lat' dir='ltr'>fastidita,</span> <span class='ocrx_word' id='word_1_92' title='bbox 736 1372 855 1448; x_wconf 85' lang='lat' dir='ltr'>repulsa.</span> 
     </span>
     <span class='ocr_line' id='line_1_15' title="bbox 30 1449 1046 1528; baseline 0.005 -22"><span class='ocrx_word' id='word_1_93' title='bbox 30 1521 34 1528; x_wconf 24' lang='grc' dir='ltr'>ι</span> <span class='ocrx_word' id='word_1_94' title='bbox 62 1509 64 1518; x_wconf 64' lang='lat'>,</span> <span class='ocrx_word' id='word_1_95' title='bbox 78 1495 118 1518; x_wconf 64' lang='lat'>.„</span> <span class='ocrx_word' id='word_1_96' title='bbox 188 1449 252 1507; x_wconf 90' lang='lat' dir='ltr'>Nec</span> <span class='ocrx_word' id='word_1_97' title='bbox 267 1453 438 1522; x_wconf 78' lang='lat' dir='ltr'>Stheneboee</span> <span class='ocrx_word' id='word_1_98' title='bbox 452 1453 556 1522; x_wconf 80' lang='lat' dir='ltr'>mimis,</span> <span class='ocrx_word' id='word_1_99' title='bbox 570 1451 654 1526; x_wconf 76' lang='lat' dir='ltr'>qualnr</span> <span class='ocrx_word' id='word_1_100' title='bbox 669 1451 782 1522; x_wconf 85' lang='lat' dir='ltr'>Cressa,</span> <span class='ocrx_word' id='word_1_101' title='bbox 796 1453 959 1524; x_wconf 79' lang='lat' dir='ltr'>excanduit,</span> <span class='ocrx_word' id='word_1_102' title='bbox 973 1465 1002 1510; x_wconf 88' lang='lat' dir='ltr'>et</span> <span class='ocrx_word' id='word_1_103' title='bbox 1015 1469 1046 1511; x_wconf 79' lang='lat' dir='ltr'>sc</span> 
     </span>
    </p>
   </div>
   <div class='ocr_carea' id='block_1_4' title="bbox 125 1529 1206 3888">
    <p class='ocr_par' dir='ltr' id='par_1_9' title="bbox 125 1529 1206 3888">
     <span class='ocr_line' id='line_1_16' title="bbox 188 1529 941 1601; baseline 0.001 -16"><span class='ocrx_word' id='word_1_104' title='bbox 188 1529 367 1587; x_wconf 75' lang='lat' dir='ltr'>Concessere</span> <span class='ocrx_word' id='word_1_105' title='bbox 381 1531 478 1586; x_wconf 74' lang='lat' dir='ltr'>ambae.</span> <span class='ocrx_word' id='word_1_106' title='bbox 522 1530 625 1587; x_wconf 90' lang='lat' dir='ltr'>Mulier</span> <span class='ocrx_word' id='word_1_107' title='bbox 640 1531 793 1587; x_wconf 78' lang='lat' dir='ltr'>saevissima</span> <span class='ocrx_word' id='word_1_108' title='bbox 806 1541 875 1586; x_wconf 93' lang='lat' dir='ltr'>tunc</span> <span class='ocrx_word' id='word_1_109' title='bbox 889 1541 941 1601; x_wconf 89' lang='lat' dir='ltr'>est,</span> 
     </span>
     <span class='ocr_line' id='line_1_17' title="bbox 187 1607 1173 1685; baseline -0.003 -16"><span class='ocrx_word' id='word_1_110' title='bbox 187 1609 286 1669; x_wconf 77' lang='lat' dir='ltr'>Quum</span> <span class='ocrx_word' id='word_1_111' title='bbox 301 1609 428 1666; x_wconf 91' lang='lat' dir='ltr'>stimulos</span> <span class='ocrx_word' id='word_1_112' title='bbox 438 1610 503 1667; x_wconf 91' lang='lat' dir='ltr'>odio</span> <span class='ocrx_word' id='word_1_113' title='bbox 516 1609 606 1685; x_wconf 92' lang='lat' dir='ltr'>pudor</span> <span class='ocrx_word' id='word_1_114' title='bbox 620 1611 758 1666; x_wconf 87' lang='lat' dir='ltr'>admovet.</span> <span class='ocrx_word' id='word_1_115' title='bbox 801 1607 883 1684; x_wconf 85' lang='lat' dir='ltr'>Elige</span> <span class='ocrx_word' id='word_1_116' title='bbox 896 1611 1032 1683; x_wconf 76' lang='lat' dir='ltr'>quidnam</span> <span class='ocrx_word' id='word_1_117' title='bbox 1111 1611 1173 1684; x_wconf 75' lang='lat'>3⁰5,</span> 
     </span>
     <span class='ocr_line' id='line_1_18' title="bbox 188 1663 1206 1764; baseline 0.001 -21"><span class='ocrx_word' id='word_1_118' title='bbox 188 1688 373 1744; x_wconf 85' lang='lat' dir='ltr'>Suadendum</span> <span class='ocrx_word' id='word_1_119' title='bbox 387 1707 449 1744; x_wconf 86' lang='lat' dir='ltr'>esse</span> <span class='ocrx_word' id='word_1_120' title='bbox 462 1700 554 1764; x_wconf 88' lang='lat' dir='ltr'>putes,</span> <span class='ocrx_word' id='word_1_121' title='bbox 568 1689 615 1745; x_wconf 93' lang='lat' dir='ltr'>cui</span> <span class='ocrx_word' id='word_1_122' title='bbox 631 1689 736 1744; x_wconf 85' lang='lat' dir='ltr'>nubere</span> <span class='ocrx_word' id='word_1_123' title='bbox 751 1687 872 1744; x_wconf 79' lang='lat' dir='ltr'>Ctesaris</span> <span class='ocrx_word' id='word_1_124' title='bbox 887 1707 955 1745; x_wconf 86' lang='lat' dir='ltr'>uxor</span> <span class='ocrx_word' id='word_1_125' title='bbox 978 1720 984 1728; x_wconf 76' lang='lat'>=</span> <span class='ocrx_word' id='word_1_126' title='bbox 1019 1663 1206 1744; x_wconf 48' lang='lat' dir='ltr'>&amp;vm</span> 
     </span>
     <span class='ocr_line' id='line_1_19' title="bbox 189 1747 1148 1842; baseline 0.002 -20"><span class='ocrx_word' id='word_1_127' title='bbox 189 1765 338 1824; x_wconf 86' lang='lat' dir='ltr'>Destinatl</span> <span class='ocrx_word' id='word_1_128' title='bbox 378 1765 512 1842; x_wconf 75' lang='lat' dir='ltr'>Optimus</span> <span class='ocrx_word' id='word_1_129' title='bbox 527 1768 614 1824; x_wconf 91' lang='lat' dir='ltr'>hicet</span> <span class='ocrx_word' id='word_1_130' title='bbox 630 1768 845 1823; x_wconf 82' lang='lat' dir='ltr'>formosissimus</span> <span class='ocrx_word' id='word_1_131' title='bbox 860 1767 934 1824; x_wconf 88' lang='lat' dir='ltr'>idem</span> <span class='ocrx_word' id='word_1_132' title='bbox 978 1747 1089 1828; x_wconf 58' lang='grc' dir='ltr'>Ᾰὰῖιῖ</span> <span class='ocrx_word' id='word_1_133' title='bbox 1120 1788 1148 1826; x_wconf 73' lang='lat' dir='ltr'>o</span> 
     </span>
     <span class='ocr_line' id='line_1_20' title="bbox 188 1845 888 1921; baseline 0.004 -22"><span class='ocrx_word' id='word_1_134' title='bbox 188 1845 289 1902; x_wconf 91' lang='lat' dir='ltr'>Gentis</span> <span class='ocrx_word' id='word_1_135' title='bbox 302 1845 428 1921; x_wconf 72' lang='lat' dir='ltr'>patricia]</span> <span class='ocrx_word' id='word_1_136' title='bbox 442 1847 548 1921; x_wconf 87' lang='lat' dir='ltr'>rapitur</span> <span class='ocrx_word' id='word_1_137' title='bbox 564 1847 649 1902; x_wconf 90' lang='lat' dir='ltr'>miser</span> <span class='ocrx_word' id='word_1_138' title='bbox 664 1846 888 1920; x_wconf 80' lang='lat' dir='ltr'>exstinguendus</span> 
     </span>
     <span class='ocr_line' id='line_1_21' title="bbox 189 1921 863 1999; baseline 0.004 -20"><span class='ocrx_word' id='word_1_139' title='bbox 189 1921 349 1981; x_wconf 79' lang='lat' dir='ltr'>Messalinae</span> <span class='ocrx_word' id='word_1_140' title='bbox 362 1925 468 1982; x_wconf 85' lang='lat' dir='ltr'>oculis:</span> <span class='ocrx_word' id='word_1_141' title='bbox 491 1927 598 1981; x_wconf 88' lang='lat' dir='ltr'>dudum</span> <span class='ocrx_word' id='word_1_142' title='bbox 613 1925 692 1980; x_wconf 88' lang='lat' dir='ltr'>sedet</span> <span class='ocrx_word' id='word_1_143' title='bbox 707 1924 753 1980; x_wconf 87' lang='lat' dir='ltr'>illa</span> <span class='ocrx_word' id='word_1_144' title='bbox 768 1940 863 1999; x_wconf 85' lang='lat' dir='ltr'>parato</span> 
     </span>
     <span class='ocr_line' id='line_1_22' title="bbox 189 2001 1172 2079; baseline 0.005 -21"><span class='ocrx_word' id='word_1_145' title='bbox 189 2002 371 2069; x_wconf 71' lang='lat' dir='ltr'>l·¹lamrneolo‚</span> <span class='ocrx_word' id='word_1_146' title='bbox 386 2002 547 2078; x_wconf 85' lang='lat' dir='ltr'>Tyriusque</span> <span class='ocrx_word' id='word_1_147' title='bbox 561 2003 653 2079; x_wconf 76' lang='lat' dir='ltr'>palbrn</span> <span class='ocrx_word' id='word_1_148' title='bbox 668 2004 787 2077; x_wconf 89' lang='lat' dir='ltr'>genialis</span> <span class='ocrx_word' id='word_1_149' title='bbox 802 2003 830 2059; x_wconf 90' lang='lat' dir='ltr'>in</span> <span class='ocrx_word' id='word_1_150' title='bbox 846 2003 935 2060; x_wconf 74' lang='lat' dir='ltr'>hortis</span> <span class='ocrx_word' id='word_1_151' title='bbox 1111 2001 1172 2063; x_wconf 79' lang='lat'>31⁰</span> 
     </span>
     <span class='ocr_line' id='line_1_23' title="bbox 187 2083 854 2155; baseline 0.003 -19"><span class='ocrx_word' id='word_1_152' title='bbox 187 2083 338 2155; x_wconf 79' lang='lat' dir='ltr'>Sternitur,</span> <span class='ocrx_word' id='word_1_153' title='bbox 354 2093 383 2138; x_wconf 81' lang='lat' dir='ltr'>et</span> <span class='ocrx_word' id='word_1_154' title='bbox 398 2101 452 2139; x_wconf 83' lang='lat' dir='ltr'>rou</span> <span class='ocrx_word' id='word_1_155' title='bbox 467 2084 563 2140; x_wconf 88' lang='lat' dir='ltr'>decies</span> <span class='ocrx_word' id='word_1_156' title='bbox 577 2093 699 2138; x_wconf 89' lang='lat' dir='ltr'>centena</span> <span class='ocrx_word' id='word_1_157' title='bbox 713 2083 854 2138; x_wconf 90' lang='lat' dir='ltr'>dabuntur</span> 
     </span>
     <span class='ocr_line' id='line_1_24' title="bbox 188 2161 867 2237; baseline -0.003 -20"><span class='ocrx_word' id='word_1_158' title='bbox 188 2161 332 2237; x_wconf 84' lang='lat' dir='ltr'>Antiquo:</span> <span class='ocrx_word' id='word_1_159' title='bbox 356 2161 449 2218; x_wconf 91' lang='lat' dir='ltr'>veniet</span> <span class='ocrx_word' id='word_1_160' title='bbox 463 2181 528 2217; x_wconf 88' lang='lat' dir='ltr'>curn</span> <span class='ocrx_word' id='word_1_161' title='bbox 541 2161 729 2236; x_wconf 87' lang='lat' dir='ltr'>signatoribus</span> <span class='ocrx_word' id='word_1_162' title='bbox 741 2171 867 2236; x_wconf 59' lang='lat' dir='ltr'>auspex!</span> 
     </span>
     <span class='ocr_line' id='line_1_25' title="bbox 189 2239 897 2314; baseline 0.001 -19"><span class='ocrx_word' id='word_1_163' title='bbox 189 2239 259 2296; x_wconf 85' lang='lat' dir='ltr'>Haec</span> <span class='ocrx_word' id='word_1_164' title='bbox 273 2253 303 2297; x_wconf 92' lang='lat' dir='ltr'>tu</span> <span class='ocrx_word' id='word_1_165' title='bbox 318 2251 426 2297; x_wconf 87' lang='lat' dir='ltr'>secreta</span> <span class='ocrx_word' id='word_1_166' title='bbox 441 2251 469 2296; x_wconf 91' lang='lat' dir='ltr'>et</span> <span class='ocrx_word' id='word_1_167' title='bbox 483 2241 581 2314; x_wconf 82' lang='lat' dir='ltr'>paucis</span> <span class='ocrx_word' id='word_1_168' title='bbox 595 2240 746 2296; x_wconf 84' lang='lat' dir='ltr'>commissa</span> <span class='ocrx_word' id='word_1_169' title='bbox 760 2241 897 2314; x_wconf 86' lang='lat' dir='ltr'>putabasl</span> 
     </span>
     <span class='ocr_line' id='line_1_26' title="bbox 189 2316 1023 2394; baseline 0.006 -21"><span class='ocrx_word' id='word_1_170' title='bbox 189 2317 265 2390; x_wconf 89' lang='lat' dir='ltr'>Non,</span> <span class='ocrx_word' id='word_1_171' title='bbox 280 2317 335 2376; x_wconf 87' lang='lat' dir='ltr'>nisi</span> <span class='ocrx_word' id='word_1_172' title='bbox 349 2316 486 2394; x_wconf 71' lang='lat' dir='ltr'>legitime,</span> <span class='ocrx_word' id='word_1_173' title='bbox 501 2320 559 2376; x_wconf 88' lang='lat' dir='ltr'>vult</span> <span class='ocrx_word' id='word_1_174' title='bbox 573 2319 687 2376; x_wconf 93' lang='lat' dir='ltr'>nubere.</span> <span class='ocrx_word' id='word_1_175' title='bbox 728 2318 808 2379; x_wconf 85' lang='lat' dir='ltr'>Quid</span> <span class='ocrx_word' id='word_1_176' title='bbox 823 2318 943 2393; x_wconf 85' lang='lat' dir='ltr'>placeat,</span> <span class='ocrx_word' id='word_1_177' title='bbox 957 2319 1023 2378; x_wconf 84' lang='lat' dir='ltr'>dict</span> 
     </span>
     <span class='ocr_line' id='line_1_27' title="bbox 188 2395 932 2472; baseline 0.003 -21"><span class='ocrx_word' id='word_1_178' title='bbox 188 2395 227 2452; x_wconf 92' lang='lat' dir='ltr'>Ni</span> <span class='ocrx_word' id='word_1_179' title='bbox 241 2417 340 2472; x_wconf 80' lang='lat' dir='ltr'>perere</span> <span class='ocrx_word' id='word_1_180' title='bbox 354 2397 432 2468; x_wconf 88' lang='lat' dir='ltr'>velis,</span> <span class='ocrx_word' id='word_1_181' title='bbox 446 2399 621 2472; x_wconf 89' lang='lat' dir='ltr'>pereundum</span> <span class='ocrx_word' id='word_1_182' title='bbox 637 2398 690 2453; x_wconf 90' lang='lat' dir='ltr'>erit</span> <span class='ocrx_word' id='word_1_183' title='bbox 705 2408 769 2454; x_wconf 91' lang='lat' dir='ltr'>ante</span> <span class='ocrx_word' id='word_1_184' title='bbox 784 2398 932 2453; x_wconf 86' lang='lat' dir='ltr'>lucernas:</span> 
     </span>
     <span class='ocr_line' id='line_1_28' title="bbox 187 2475 978 2552; baseline 0.001 -22"><span class='ocrx_word' id='word_1_185' title='bbox 187 2475 218 2530; x_wconf 89' lang='lat' dir='ltr'>Si</span> <span class='ocrx_word' id='word_1_186' title='bbox 233 2475 326 2532; x_wconf 89' lang='lat' dir='ltr'>scelus</span> <span class='ocrx_word' id='word_1_187' title='bbox 340 2475 480 2544; x_wconf 87' lang='lat' dir='ltr'>admittas,</span> <span class='ocrx_word' id='word_1_188' title='bbox 495 2476 606 2532; x_wconf 90' lang='lat' dir='ltr'>dabitur</span> <span class='ocrx_word' id='word_1_189' title='bbox 620 2495 698 2532; x_wconf 89' lang='lat' dir='ltr'>nrcra</span> <span class='ocrx_word' id='word_1_190' title='bbox 712 2475 836 2552; x_wconf 85' lang='lat' dir='ltr'>parvula,</span> <span class='ocrx_word' id='word_1_191' title='bbox 851 2477 919 2532; x_wconf 88' lang='lat' dir='ltr'>dum</span> <span class='ocrx_word' id='word_1_192' title='bbox 933 2495 978 2532; x_wconf 90' lang='lat' dir='ltr'>res</span> 
     </span>
     <span class='ocr_line' id='line_1_29' title="bbox 188 2551 919 2630; baseline 0.001 -21"><span class='ocrx_word' id='word_1_193' title='bbox 188 2551 263 2610; x_wconf 91' lang='lat' dir='ltr'>Nota</span> <span class='ocrx_word' id='word_1_194' title='bbox 279 2553 346 2610; x_wconf 93' lang='lat' dir='ltr'>Urbi</span> <span class='ocrx_word' id='word_1_195' title='bbox 357 2566 385 2611; x_wconf 90' lang='lat' dir='ltr'>et</span> <span class='ocrx_word' id='word_1_196' title='bbox 399 2553 502 2629; x_wconf 91' lang='lat' dir='ltr'>populo</span> <span class='ocrx_word' id='word_1_197' title='bbox 515 2555 660 2628; x_wconf 83' lang='lat' dir='ltr'>contingat</span> <span class='ocrx_word' id='word_1_198' title='bbox 675 2554 814 2630; x_wconf 91' lang='lat' dir='ltr'>Principis</span> <span class='ocrx_word' id='word_1_199' title='bbox 828 2573 919 2611; x_wconf 87' lang='lat' dir='ltr'>aures.</span> 
     </span>
     <span class='ocr_line' id='line_1_30' title="bbox 188 2631 892 2691; baseline 0.004 -5"><span class='ocrx_word' id='word_1_200' title='bbox 188 2631 320 2690; x_wconf 84' lang='lat' dir='ltr'>Dedecus</span> <span class='ocrx_word' id='word_1_201' title='bbox 334 2633 381 2689; x_wconf 92' lang='lat' dir='ltr'>ille</span> <span class='ocrx_word' id='word_1_202' title='bbox 395 2634 496 2690; x_wconf 84' lang='lat' dir='ltr'>domrls</span> <span class='ocrx_word' id='word_1_203' title='bbox 510 2633 581 2690; x_wconf 87' lang='lat' dir='ltr'>sciet</span> <span class='ocrx_word' id='word_1_204' title='bbox 595 2634 725 2690; x_wconf 88' lang='lat' dir='ltr'>ultimus:</span> <span class='ocrx_word' id='word_1_205' title='bbox 747 2635 854 2691; x_wconf 90' lang='lat' dir='ltr'>interea</span> <span class='ocrx_word' id='word_1_206' title='bbox 862 2646 892 2691; x_wconf 92' lang='lat' dir='ltr'>tu</span> 
     </span>
     <span class='ocr_line' id='line_1_31' title="bbox 186 2711 823 2788; baseline 0.003 -22"><span class='ocrx_word' id='word_1_207' title='bbox 186 2711 352 2785; x_wconf 89' lang='lat' dir='ltr'>Obsequere</span> <span class='ocrx_word' id='word_1_208' title='bbox 368 2712 495 2788; x_wconf 92' lang='lat' dir='ltr'>imperio,</span> <span class='ocrx_word' id='word_1_209' title='bbox 509 2712 545 2768; x_wconf 87' lang='lat' dir='ltr'>sit</span> <span class='ocrx_word' id='word_1_210' title='bbox 560 2713 630 2769; x_wconf 84' lang='lat' dir='ltr'>tenti</span> <span class='ocrx_word' id='word_1_211' title='bbox 645 2714 698 2770; x_wconf 89' lang='lat' dir='ltr'>vita</span> <span class='ocrx_word' id='word_1_212' title='bbox 714 2714 823 2769; x_wconf 89' lang='lat' dir='ltr'>dierum</span> 
     </span>
     <span class='ocr_line' id='line_1_32' title="bbox 187 2789 951 2866; baseline 0.003 -22"><span class='ocrx_word' id='word_1_213' title='bbox 187 2789 355 2848; x_wconf 85' lang='lat' dir='ltr'>Paucorum.</span> <span class='ocrx_word' id='word_1_214' title='bbox 396 2791 545 2864; x_wconf 80' lang='lat' dir='ltr'>Quidquid</span> <span class='ocrx_word' id='word_1_215' title='bbox 560 2791 661 2848; x_wconf 90' lang='lat' dir='ltr'>melius</span> <span class='ocrx_word' id='word_1_216' title='bbox 675 2791 820 2866; x_wconf 86' lang='lat' dir='ltr'>leviusque</span> <span class='ocrx_word' id='word_1_217' title='bbox 834 2791 951 2866; x_wconf 74' lang='lat' dir='ltr'>putdris,</span> 
     </span>
     <span class='ocr_line' id='line_1_33' title="bbox 188 2867 1009 2944; baseline 0.004 -20"><span class='ocrx_word' id='word_1_218' title='bbox 188 2867 343 2927; x_wconf 85' lang='lat' dir='ltr'>Praebenda</span> <span class='ocrx_word' id='word_1_219' title='bbox 356 2882 399 2928; x_wconf 82' lang='lat' dir='ltr'>eet</span> <span class='ocrx_word' id='word_1_220' title='bbox 413 2869 507 2944; x_wconf 90' lang='lat' dir='ltr'>gladio</span> <span class='ocrx_word' id='word_1_221' title='bbox 520 2870 638 2944; x_wconf 91' lang='lat' dir='ltr'>pulchra</span> <span class='ocrx_word' id='word_1_222' title='bbox 652 2872 713 2927; x_wconf 75' lang='lat' dir='ltr'>hec</span> <span class='ocrx_word' id='word_1_223' title='bbox 727 2881 756 2926; x_wconf 88' lang='lat' dir='ltr'>et</span> <span class='ocrx_word' id='word_1_224' title='bbox 769 2870 892 2926; x_wconf 91' lang='lat' dir='ltr'>candida</span> <span class='ocrx_word' id='word_1_225' title='bbox 905 2871 1009 2927; x_wconf 83' lang='lat' dir='ltr'>cervix.</span> 
     </span>
     <span class='ocr_line' id='line_1_34' title="bbox 224 2946 976 3024; baseline 0.004 -22"><span class='ocrx_word' id='word_1_226' title='bbox 224 2946 274 3004; x_wconf 93' lang='lat' dir='ltr'>Nil</span> <span class='ocrx_word' id='word_1_227' title='bbox 288 2947 357 3023; x_wconf 83' lang='lat' dir='ltr'>ergb</span> <span class='ocrx_word' id='word_1_228' title='bbox 371 2949 508 3024; x_wconf 85' lang='lat' dir='ltr'>optabunt</span> <span class='ocrx_word' id='word_1_229' title='bbox 523 2950 673 3005; x_wconf 82' lang='lat' dir='ltr'>hominesl</span> <span class='ocrx_word' id='word_1_230' title='bbox 715 2949 746 3004; x_wconf 93' lang='lat' dir='ltr'>Si</span> <span class='ocrx_word' id='word_1_231' title='bbox 761 2949 911 3004; x_wconf 90' lang='lat' dir='ltr'>consilium</span> <span class='ocrx_word' id='word_1_232' title='bbox 926 2949 976 3022; x_wconf 88' lang='lat' dir='ltr'>vis,</span> 
     </span>
     <span class='ocr_line' id='line_1_35' title="bbox 185 3025 852 3104; baseline 0.003 -24"><span class='ocrx_word' id='word_1_233' title='bbox 185 3025 334 3084; x_wconf 88' lang='lat' dir='ltr'>Permittes</span> <span class='ocrx_word' id='word_1_234' title='bbox 348 3029 415 3104; x_wconf 88' lang='lat' dir='ltr'>ipsis</span> <span class='ocrx_word' id='word_1_235' title='bbox 426 3027 586 3102; x_wconf 82' lang='lat' dir='ltr'>expendere</span> <span class='ocrx_word' id='word_1_236' title='bbox 600 3027 774 3098; x_wconf 90' lang='lat' dir='ltr'>numinibus,</span> <span class='ocrx_word' id='word_1_237' title='bbox 785 3027 852 3102; x_wconf 92' lang='lat' dir='ltr'>quid</span> 
     </span>
     <span class='ocr_line' id='line_1_36' title="bbox 184 3102 858 3180; baseline 0.003 -21"><span class='ocrx_word' id='word_1_238' title='bbox 184 3102 343 3164; x_wconf 87' lang='lat' dir='ltr'>Conveniat</span> <span class='ocrx_word' id='word_1_239' title='bbox 357 3107 448 3176; x_wconf 90' lang='lat' dir='ltr'>nobis,</span> <span class='ocrx_word' id='word_1_240' title='bbox 463 3105 602 3180; x_wconf 88' lang='lat' dir='ltr'>rebusque</span> <span class='ocrx_word' id='word_1_241' title='bbox 616 3106 652 3162; x_wconf 92' lang='lat' dir='ltr'>sit</span> <span class='ocrx_word' id='word_1_242' title='bbox 667 3106 734 3162; x_wconf 93' lang='lat' dir='ltr'>utile</span> <span class='ocrx_word' id='word_1_243' title='bbox 749 3107 858 3163; x_wconf 88' lang='lat' dir='ltr'>nostris.</span> 
     </span>
     <span class='ocr_line' id='line_1_37' title="bbox 188 3180 920 3260; baseline 0.007 -24"><span class='ocrx_word' id='word_1_244' title='bbox 188 3180 260 3239; x_wconf 90' lang='lat' dir='ltr'>Nam</span> <span class='ocrx_word' id='word_1_245' title='bbox 274 3203 324 3258; x_wconf 91' lang='lat' dir='ltr'>pro</span> <span class='ocrx_word' id='word_1_246' title='bbox 335 3184 470 3260; x_wconf 91' lang='lat' dir='ltr'>jucundis</span> <span class='ocrx_word' id='word_1_247' title='bbox 481 3185 624 3258; x_wconf 83' lang='lat' dir='ltr'>aptissima</span> <span class='ocrx_word' id='word_1_248' title='bbox 637 3203 755 3258; x_wconf 74' lang='lat' dir='ltr'>quaeque</span> <span class='ocrx_word' id='word_1_249' title='bbox 769 3185 877 3241; x_wconf 91' lang='lat' dir='ltr'>dabunt</span> <span class='ocrx_word' id='word_1_250' title='bbox 891 3183 920 3241; x_wconf 90' lang='lat' dir='ltr'>di</span> 
     </span>
     <span class='ocr_line' id='line_1_38' title="bbox 125 3262 967 3338; baseline 0.001 -19"><span class='ocrx_word' id='word_1_251' title='bbox 125 3272 127 3278; x_wconf 77' lang='grc'>’</span> <span class='ocrx_word' id='word_1_252' title='bbox 184 3263 284 3320; x_wconf 87' lang='lat' dir='ltr'>Carior</span> <span class='ocrx_word' id='word_1_253' title='bbox 298 3275 341 3338; x_wconf 82' lang='lat' dir='ltr'>est</span> <span class='ocrx_word' id='word_1_254' title='bbox 355 3264 409 3320; x_wconf 92' lang='lat' dir='ltr'>illis</span> <span class='ocrx_word' id='word_1_255' title='bbox 423 3264 516 3332; x_wconf 84' lang='lat' dir='ltr'>horne,</span> <span class='ocrx_word' id='word_1_256' title='bbox 530 3262 614 3337; x_wconf 71' lang='lat' dir='ltr'>quim</span> <span class='ocrx_word' id='word_1_257' title='bbox 630 3264 691 3320; x_wconf 88' lang='lat' dir='ltr'>sibi.</span> <span class='ocrx_word' id='word_1_258' title='bbox 734 3263 796 3320; x_wconf 86' lang='lat' dir='ltr'>Nos</span> <span class='ocrx_word' id='word_1_259' title='bbox 811 3263 967 3320; x_wconf 88' lang='lat' dir='ltr'>animorum</span> 
     </span>
     <span class='ocr_line' id='line_1_39' title="bbox 189 3341 871 3416; baseline 0 -18"><span class='ocrx_word' id='word_1_260' title='bbox 189 3341 322 3416; x_wconf 75' lang='lat' dir='ltr'>impulsu,</span> <span class='ocrx_word' id='word_1_261' title='bbox 336 3353 365 3399; x_wconf 91' lang='lat' dir='ltr'>et</span> <span class='ocrx_word' id='word_1_262' title='bbox 379 3342 457 3398; x_wconf 79' lang='lat' dir='ltr'>oaect</span> <span class='ocrx_word' id='word_1_263' title='bbox 470 3343 630 3416; x_wconf 70' lang='lat' dir='ltr'>magnique</span> <span class='ocrx_word' id='word_1_264' title='bbox 644 3343 778 3416; x_wconf 90' lang='lat' dir='ltr'>cupidine</span> <span class='ocrx_word' id='word_1_265' title='bbox 793 3341 871 3398; x_wconf 93' lang='lat' dir='ltr'>ducti</span> 
     </span>
     <span class='ocr_line' id='line_1_40' title="bbox 185 3419 929 3496; baseline 0.005 -22"><span class='ocrx_word' id='word_1_266' title='bbox 185 3420 357 3495; x_wconf 82' lang='lat' dir='ltr'>Conjugium</span> <span class='ocrx_word' id='word_1_267' title='bbox 370 3421 502 3496; x_wconf 89' lang='lat' dir='ltr'>petimus,</span> <span class='ocrx_word' id='word_1_268' title='bbox 517 3433 683 3496; x_wconf 83' lang='lat' dir='ltr'>partumque</span> <span class='ocrx_word' id='word_1_269' title='bbox 699 3421 810 3477; x_wconf 82' lang='lat' dir='ltr'>uxoris:</span> <span class='ocrx_word' id='word_1_270' title='bbox 832 3431 860 3477; x_wconf 90' lang='lat' dir='ltr'>at</span> <span class='ocrx_word' id='word_1_271' title='bbox 875 3419 929 3478; x_wconf 85' lang='lat' dir='ltr'>illis</span> 
     </span>
     <span class='ocr_line' id='line_1_41' title="bbox 187 3497 875 3574; baseline 0 -20"><span class='ocrx_word' id='word_1_272' title='bbox 187 3497 303 3569; x_wconf 72' lang='lat' dir='ltr'>Notum,</span> <span class='ocrx_word' id='word_1_273' title='bbox 317 3499 364 3572; x_wconf 94' lang='lat' dir='ltr'>qui</span> <span class='ocrx_word' id='word_1_274' title='bbox 379 3500 469 3574; x_wconf 83' lang='lat' dir='ltr'>pueri,</span> <span class='ocrx_word' id='word_1_275' title='bbox 484 3499 627 3574; x_wconf 86' lang='lat' dir='ltr'>qualisque</span> <span class='ocrx_word' id='word_1_276' title='bbox 643 3501 734 3555; x_wconf 89' lang='lat' dir='ltr'>sutura</span> <span class='ocrx_word' id='word_1_277' title='bbox 748 3501 784 3555; x_wconf 93' lang='lat' dir='ltr'>sit</span> <span class='ocrx_word' id='word_1_278' title='bbox 799 3517 875 3555; x_wconf 84' lang='lat' dir='ltr'>uxor.</span> 
     </span>
     <span class='ocr_line' id='line_1_42' title="bbox 185 3576 1167 3652; baseline 0.004 -20"><span class='ocrx_word' id='word_1_279' title='bbox 185 3576 221 3634; x_wconf 83' lang='lat' dir='ltr'>tlt</span> <span class='ocrx_word' id='word_1_280' title='bbox 235 3588 329 3634; x_wconf 88' lang='lat' dir='ltr'>tamen</span> <span class='ocrx_word' id='word_1_281' title='bbox 344 3585 373 3634; x_wconf 86' lang='lat' dir='ltr'>et</span> <span class='ocrx_word' id='word_1_282' title='bbox 385 3597 485 3652; x_wconf 90' lang='lat' dir='ltr'>poscas</span> <span class='ocrx_word' id='word_1_283' title='bbox 499 3578 613 3651; x_wconf 87' lang='lat' dir='ltr'>aliquid,</span> <span class='ocrx_word' id='word_1_284' title='bbox 629 3597 784 3652; x_wconf 87' lang='lat' dir='ltr'>voveasque</span> <span class='ocrx_word' id='word_1_285' title='bbox 798 3577 909 3634; x_wconf 85' lang='lat' dir='ltr'>sacellis</span> <span class='ocrx_word' id='word_1_286' title='bbox 1106 3577 1167 3636; x_wconf 74' lang='grc'>330</span> 
     </span>
     <span class='ocr_line' id='line_1_43' title="bbox 187 3655 846 3731; baseline 0 -19"><span class='ocrx_word' id='word_1_287' title='bbox 187 3656 266 3727; x_wconf 79' lang='lat' dir='ltr'>llxta,</span> <span class='ocrx_word' id='word_1_288' title='bbox 280 3667 309 3712; x_wconf 88' lang='lat' dir='ltr'>et</span> <span class='ocrx_word' id='word_1_289' title='bbox 323 3655 469 3713; x_wconf 91' lang='lat' dir='ltr'>candiduli</span> <span class='ocrx_word' id='word_1_290' title='bbox 484 3655 579 3712; x_wconf 89' lang='lat' dir='ltr'>divina</span> <span class='ocrx_word' id='word_1_291' title='bbox 594 3657 736 3713; x_wconf 85' lang='lat' dir='ltr'>tomacula</span> <span class='ocrx_word' id='word_1_292' title='bbox 750 3657 846 3731; x_wconf 87' lang='lat' dir='ltr'>porci;</span> 
     </span>
     <span class='ocr_line' id='line_1_44' title="bbox 183 3734 929 3809; baseline 0.007 -22"><span class='ocrx_word' id='word_1_293' title='bbox 183 3734 332 3792; x_wconf 74' lang='lat' dir='ltr'>orandum</span> <span class='ocrx_word' id='word_1_294' title='bbox 347 3746 398 3806; x_wconf 89' lang='lat' dir='ltr'>est,</span> <span class='ocrx_word' id='word_1_295' title='bbox 410 3747 441 3792; x_wconf 93' lang='lat' dir='ltr'>ut</span> <span class='ocrx_word' id='word_1_296' title='bbox 455 3736 490 3792; x_wconf 88' lang='lat' dir='ltr'>sit</span> <span class='ocrx_word' id='word_1_297' title='bbox 503 3754 584 3791; x_wconf 87' lang='lat' dir='ltr'>mens</span> <span class='ocrx_word' id='word_1_298' title='bbox 597 3754 666 3791; x_wconf 89' lang='lat' dir='ltr'>sana</span> <span class='ocrx_word' id='word_1_299' title='bbox 680 3735 709 3791; x_wconf 93' lang='lat' dir='ltr'>in</span> <span class='ocrx_word' id='word_1_300' title='bbox 721 3754 838 3809; x_wconf 87' lang='lat' dir='ltr'>corpore</span> <span class='ocrx_word' id='word_1_301' title='bbox 853 3753 929 3792; x_wconf 80' lang='lat' dir='ltr'>sarto.</span> 
     </span>
     <span class='ocr_line' id='line_1_45' title="bbox 186 3810 948 3888; baseline 0.004 -20"><span class='ocrx_word' id='word_1_302' title='bbox 186 3810 298 3870; x_wconf 64' lang='lat' dir='ltr'>Fortem</span> <span class='ocrx_word' id='word_1_303' title='bbox 312 3832 397 3888; x_wconf 87' lang='lat' dir='ltr'>posce</span> <span class='ocrx_word' id='word_1_304' title='bbox 408 3814 548 3885; x_wconf 78' lang='lat' dir='ltr'>animum,</span> <span class='ocrx_word' id='word_1_305' title='bbox 563 3815 658 3871; x_wconf 89' lang='lat' dir='ltr'>mortis</span> <span class='ocrx_word' id='word_1_306' title='bbox 675 3825 779 3872; x_wconf 88' lang='lat' dir='ltr'>terrore</span> <span class='ocrx_word' id='word_1_307' title='bbox 794 3825 948 3880; x_wconf 87' lang='lat' dir='ltr'>carentem,</span> 
     </span>
    </p>
   </div>
   <div class='ocr_carea' id='block_1_5' title="bbox 0 0 1338 4310">
    <p class='ocr_par' dir='ltr' id='par_1_10' title="bbox 0 0 1338 4310">
     <span class='ocr_line' id='line_1_46' title="bbox 0 0 1338 4310; baseline 0 0"><span class='ocrx_word' id='word_1_308' title='bbox 0 0 1338 4310; x_wconf 95' lang='lat' dir='ltr'> </span> 
     </span>
    </p>
   </div>
  </div>
 </body>
</html>
