2666 4310
222 265 262 322 ur
537 262 567 310 o.
584 261 680 310 suun
698 259 895 311 ruvauntrs

223 404 352 463 Lubente
366 402 470 476 officio,
484 404 583 461 crudis
596 405 745 474 donandn;
768 425 822 464 nec
837 405 917 476 illud,

221 483 310 546 Quod
326 483 417 558 primi
430 503 481 558 pro
495 494 579 540 nocte
593 486 686 555 datur,
700 505 788 562 quum
802 487 886 544 lance
901 485 984 542 beatd

224 561 362 634 Dacicus,
375 575 404 620 et
418 563 524 638 scripto
539 563 630 620 radiat
643 565 835 622 Germanicus
850 583 927 622 auro.

223 643 255 698 Si
270 641 320 699 tibi
335 641 501 717 simplicitas
517 642 624 712 uxoria,
639 644 753 700 deditus
767 644 818 702 uni

223 719 275 777 Est
290 720 419 788 animus;
440 721 575 778 submitte
588 734 675 796 caput
687 723 799 780 cervice
813 721 912 800 paratd
1107 793 1111 798 ι

223 797 310 857 Ferre
322 799 441 876 jugum:
463 799 571 856 nullam
586 799 724 874 invenies,
739 821 802 877 quaa
817 811 914 878 parcat
927 797 1044 856 amanti.
1059 797 1098 852 ‘l'
1113 794 1117 803 '
1148 823 1197 874 '⁸7‘

223 879 332 936 Ardeat
346 879 406 954 ipsa
421 876 498 947 licet,
514 879 661 936 tormentis
675 882 781 956 gaudet
796 879 917 938 amantia
1069 878 1078 902 ⁶
1128 885 1232 908 ’Μ

224 957 261 1014 Et
274 957 380 1033 spoliis.
423 956 514 1033 lgitur
528 955 612 1034 longe
628 957 724 1018 minirs
738 960 816 1016 utilis
830 959 869 1016 illi

224 1036 309 1108 Uxor,
324 1037 451 1112 quisquis
464 1036 519 1093 erit
534 1037 625 1094 bonus
638 1039 835 1114 optandusque
849 1037 975 1095 maritus

223 1115 273 1172 Nil
289 1134 413 1191 unquam
429 1114 517 1172 invitd
532 1117 651 1174 donabis
666 1118 808 1193 conjuge:
830 1118 937 1174 vendes

222 1193 289 1252 lldc
302 1195 431 1253 obstante
446 1194 533 1252 nihil:
555 1195 636 1268 nihil,
648 1197 710 1252 haee
723 1197 746 1253 si
756 1196 843 1269 nolet,
856 1205 976 1254 emetur.

224 1273 297 1330 llaec
312 1274 389 1330 dabit
404 1272 542 1330 affectus:
565 1274 611 1331 ille
625 1274 793 1332 excludetur
808 1275 918 1332 amicus

222 1352 288 1410 lam
303 1352 407 1422 senior,
422 1352 504 1426 cujus
520 1354 635 1410 barbam
649 1365 698 1412 tua
709 1354 798 1430 janua
811 1354 888 1411 vidit.

222 1429 364 1488 'l'estandi
377 1450 465 1506 quum
480 1431 516 1488 sit
530 1431 682 1490 lenonibus
695 1447 779 1508 atque
793 1432 904 1490 lanistis

223 1509 364 1581 Libertas,
378 1521 407 1567 et
418 1509 489 1586 juris
504 1510 579 1568 idom
594 1512 741 1588 contingat
755 1531 869 1581 arenaa3

225 1589 291 1646 Non
305 1607 381 1646 uuus
394 1589 445 1646 tibi
460 1589 554 1646 rivalis
568 1591 722 1646 dictabitur
737 1592 836 1648 haeres.

223 1667 303 1726 Pone
317 1686 434 1725 crucem
448 1687 536 1726 servo.
579 1668 686 1727 Metuit
700 1689 756 1745 quo
769 1670 890 1727 crimine
904 1686 1002 1726 servus

223 1747 425 1823 Suppliciuml
447 1747 511 1822 quis
524 1747 603 1804 testis
618 1749 718 1806 adestl
739 1749 801 1824 quis
815 1747 937 1806 detulitl
978 1745 1069 1818 Audi,

223 1825 313 1884 Nulla
327 1845 453 1901 uuquam
468 1827 503 1882 de
518 1839 607 1884 morte
623 1828 744 1886 hominis
758 1827 904 1885 cunctatio
917 1827 1001 1902 longa
1014 1835 1066 1884 eat.

223 1905 252 1962 Ο
266 1906 395 1977 demens,
411 1905 449 1963 ita
463 1925 560 1963 servus
576 1907 659 1964 homo
672 1909 737 1964 estl
759 1907 798 1964 nil
815 1907 922 1977 lecerit,
936 1918 1014 1962 esto:

224 1985 290 2043 Hoc
305 1985 377 2056 volo,
392 1985 434 2042 sic
446 1985 544 2062 jubeo,
558 1986 594 2042 sit
608 2005 658 2062 pro
672 1986 782 2042 ratione
796 1985 933 2042 voluntas.

264 2064 388 2140 Imperat
401 2061 471 2140 ergo
486 2064 560 2132 viro;
582 2065 632 2121 sed
647 2083 712 2122 mox
727 2066 788 2122 haec
801 2083 890 2140 regna
904 2062 1047 2138 relinquit,

223 2143 426 2220 Permutatque
440 2145 548 2214 domos,
560 2155 589 2200 et
603 2143 733 2200 flammea
746 2144 887 2202 conterit:
909 2143 976 2200 inde

224 2223 356 2294 Advolat,
371 2235 399 2280 et
413 2223 498 2298 spreti
514 2223 614 2298 repetit
628 2222 746 2298 vestigia
760 2221 835 2279 lecti.

223 2301 349 2358 Ornatas
363 2299 450 2378 pauld
465 2299 532 2358 antd
549 2302 631 2372 sores,
646 2301 801 2376 pendentia
815 2300 931 2376 linquit.

224 2381 299 2438 Vela
312 2381 423 2452 donrus,
438 2392 467 2438 et
481 2381 576 2437 adhuc
592 2381 695 2436 virides
710 2380 738 2436 in
753 2381 851 2436 limine
865 2399 966 2438 ramos.

225 2459 275 2516 Sic
289 2460 393 2516 crescit
407 2477 560 2527 numerus;
583 2460 625 2515 sic
640 2459 712 2516 fiunt
725 2471 790 2518 octo
804 2458 896 2516 mariti

222 2537 362 2613 Quinque
376 2558 425 2614 per
440 2551 610 2595 autumnos:
632 2537 714 2595 titulo
728 2558 772 2596 res
785 2538 873 2613 digna
887 2534 1020 2613 sepulcri.

264 2615 450 2693 Desperanda
463 2617 514 2674 tibi
528 2617 605 2673 salvd
620 2618 773 2676 concordia
786 2635 879 2674 socru.

224 2695 277 2753 Illa
291 2696 376 2753 docet
389 2696 485 2772 spoliis
499 2697 568 2753 nudi
583 2697 708 2771 gaudere
723 2695 832 2764 mariti;

224 2775 279 2832 llla
292 2776 386 2848 docet,
401 2775 494 2832 missis
508 2796 525 2831 a
538 2785 701 2850 corruptore
716 2775 836 2846 tabellis,

224 2855 274 2912 Nil
290 2855 360 2912 rude
375 2873 430 2911 nec
444 2853 564 2930 simplex
579 2855 750 2912 rescribere:
773 2853 880 2930 decipit
894 2853 943 2910 illa

211 2933 375 3005 Custodes,
387 2945 435 2991 aut
449 2953 504 2990 rere
518 2934 632 2990 domat:
653 2945 722 2990 tunc
737 2952 852 3008 corpore
867 2952 936 2990 sano

225 3015 355 3071 Advocat
369 3014 564 3088 Archigenen,
578 3033 754 3089 onerosaque
768 3012 854 3087 pallia
865 3011 964 3088 jactat.

225 3093 348 3150 Abditus
362 3092 469 3150 interea
485 3093 554 3148 latet
567 3103 596 3148 et
610 3104 736 3150 secretus
749 3091 909 3148 adulter.-

224 3171 343 3228 Scilicet
356 3185 515 3246 exspectas,
530 3182 561 3226 ut
575 3172 667 3227 tradat
681 3183 769 3228 mater
785 3172 917 3227 honestos

225 3253 320 3326 Atque
335 3250 405 3308 alios
419 3269 521 3322 mores,
536 3248 621 3325 qurim
636 3269 706 3325 quos
721 3249 825 3306 habetl
846 3247 916 3305 utile
929 3244 1013 3324 porrd

224 3329 355 3388 Filiolam
369 3329 443 3405 turpi
458 3329 558 3386 vetulae
570 3330 724 3404 producere
736 3341 856 3404 turpem.
953 3340 972 3398 ’γ
989 3315 1016 3379 bl

264 3409 352 3466 Nulla
366 3405 425 3466 lere
440 3419 593 3479 causaest,
609 3408 638 3464 in
652 3410 708 3483 qud
723 3427 780 3465 non
796 3405 911 3463 loemiua
925 3405 1003 3464 litem

187 3487 354 3546 “sllloverit
397 3488 527 3544 Accusat
542 3487 673 3558 Manilia,
688 3488 710 3544 si
726 3506 774 3542 rea
789 3505 845 3542 uon
860 3497 911 3542 est.

22 3626 24 3635 ,
95 3636 99 3644 ¹
134 3589 156 3620 ἰ
191 3591 201 3627 ·,
219 3569 407 3644 ¹Componuut
422 3566 488 3642 ipsae
503 3586 552 3642 per
567 3587 607 3638 se,
623 3567 798 3640 formantque
813 3564 932 3636 libellos,

226 3647 401 3724 Principium
416 3657 498 3722 atque
514 3646 590 3702 locos
604 3645 690 3702 Celso
704 3644 812 3700 dictare
826 3653 939 3718 paratae.

265 3726 454 3784 Endromidas
468 3724 582 3799 Tyrias,
597 3735 625 3780 et
641 3724 806 3780 soemineum
821 3741 935 3778 ceroma

224 3805 301 3868 Quis
315 3804 426 3864 nescitl
448 3805 491 3862 rel
505 3804 568 3879 quis
583 3823 639 3860 uon
655 3802 724 3860 vidit
738 3801 854 3858 vulnera
868 3799 945 3876 palil
1155 3801 1216 3860 20(
