2652 4308
552 287 675 338 sumne
695 287 768 337 xiv.

163 429 219 486 llic
233 441 277 487 est
291 427 360 506 ergd
375 429 456 487 cibus
470 431 566 506 magni
580 451 691 506 quoque
706 431 833 502 vulturis,
847 442 876 488 et
890 449 921 488 se

162 509 318 581 Pascentis,
332 510 444 584 propr'id
458 529 544 584 quum
554 511 610 584 jam
628 511 694 568 lacit
710 512 808 567 arbore
824 511 914 568 nidos.

161 588 218 644 Sed
233 589 357 662 leporem
372 601 420 644 aut
434 607 565 663 capream
581 590 692 646 famulae
707 589 785 646 lovis
798 602 827 646 et
841 607 986 665 generose

160 667 194 722 ln
210 667 283 724 saltu
298 679 436 724 venantur
448 687 530 724 aves:
550 669 618 724 hinc
633 669 727 743 praeda
743 669 828 737 cubili
851 655 972 717 &cled

160 745 296 804 Ponitur:
319 747 386 804 inde
402 759 507 816 autem,
521 766 607 820 quum
622 767 653 803 se
668 761 777 804 matura
792 746 890 821 tenerit
905 744 936 792 l*
964 749 972 777 ²

161 825 325 902 Progenies,
340 825 502 882 stimulante
518 826 602 896 same,
618 825 730 882 festinat
746 828 780 882 ad
797 827 883 897 illam,

160 905 258 966 Quam
273 903 395 979 primum
409 905 533 980 praedam
549 917 630 979 rupto
644 917 805 980 gustaverat
817 923 878 962 ovo.

202 983 369 1042 AErdilicator
383 995 444 1040 erat
457 982 620 1054 Cetronius,
632 997 660 1040 et
675 1003 721 1049 mn
742 1004 759 1042 ο
771 1003 859 1041 curvo

161 1059 269 1120 Littore
284 1061 403 1138 Cajetae,
417 1062 529 1119 surnmrl
544 1081 622 1118 nunc
637 1061 756 1120 Tiburis
770 1081 837 1119 arce
857 1081 889 1161 tl

162 1139 250 1198 Nunc
264 1141 446 1198 Praenestinis
462 1140 490 1196 in
506 1141 658 1211 montibus,
672 1141 729 1199 alta
742 1123 809 1217 pldffi
830 1155 859 1200 at

161 1219 297 1278 Culmma
310 1220 449 1291 villarum,
463 1219 572 1276 Grecis
586 1217 729 1296 longeque
743 1213 839 1296 pel'dis

162 1299 363 1371 Marmuribus,
378 1299 495 1356 vincens
510 1298 644 1356 Fortunae
659 1311 742 1374 atque
755 1299 891 1358 Herculis
905 1301 1007 1371 aedem,
1108 1300 1149 1357 90

161 1377 199 1436 Ut
212 1379 300 1453 spado
314 1378 445 1435 vincebat
459 1377 600 1452 Capitolia
614 1391 710 1434 nostra
724 1378 849 1436 Posides.

162 1457 239 1514 Dum
254 1455 379 1532 sic'ergd
394 1457 503 1514 habitat
516 1457 678 1528 Genucius,
693 1457 836 1541 irpqqinuit
849 1476 920 1530 rem,

162 1535 260 1612 Fregit
273 1555 357 1611 opes;
379 1555 433 1593 nec
447 1555 530 1611 parva
545 1548 640 1592 tamen
656 1517 910 1612 nig'iiiurrileliutae

162 1614 254 1672 Partis
267 1628 347 1673 erat:
368 1625 455 1672 totam
468 1616 542 1671 hanc
556 1616 678 1672 turbavit
692 1615 766 1672 lilius
780 1635 888 1687 amens,

131 1713 133 1718 ’
161 1693 239 1752 Du'm
253 1694 368 1752 meliore
383 1713 469 1752 novas
483 1694 583 1752 attollit
597 1713 736 1752 marmore
751 1695 837 1751 villas.
889 1717 895 1748 r

200 1773 331 1836 Quidam
346 1772 434 1830 sortiti
451 1785 624 1832 metuentem
639 1774 757 1830 sabbata
771 1729 903 1848 patrem(

162 1852 210 1910 Nil
226 1864 327 1928 preter
341 1848 432 1909 nudes
446 1863 475 1909 et
488 1851 552 1910 ooeli
568 1871 674 1910 numen
689 1853 824 1920 adorant;

162 1930 190 1988 N
193 1951 227 1989 ee
241 1931 345 1989 distare
359 1943 460 2006 putant
474 1932 600 1988 humanit
615 1950 701 1988 carue
715 1931 838 2003 suillam,

160 2010 231 2072 Qud
245 2022 323 2086 pater
338 2010 489 2077 abstinuit3
511 2029 576 2068 mox
589 2022 618 2068 et
632 2011 769 2085 preputia
782 2021 910 2085 ponunt:

162 2089 310 2148 Romanas
325 2101 419 2146 autem
434 2089 508 2148 soliti
523 2101 706 2147 contemnere
721 2089 799 2163 leges
1094 2091 1151 2148 100

161 2168 178 2225 J
182 2170 317 2226 udaicum
332 2169 474 2239 ediscunt,
488 2181 517 2226 et
531 2179 653 2238 servant,
668 2187 702 2224 ac
717 2179 847 2225 metuunt
859 2167 916 2244 jus,

161 2247 295 2305 Tradidit
310 2267 414 2305 arcano
427 2249 618 2322 quodcunque
633 2247 775 2304 volumine
791 2247 895 2305 Moses.

162 2327 228 2385 Nou
244 2340 399 2385 monstrare
414 2326 481 2399 vias
497 2327 598 2384 eadem
613 2327 668 2384 uisi
679 2345 760 2384 sacra
772 2327 896 2421 colenti·
911 2347 949 2424 qs
964 2355 969 2382 ι
984 2353 1006 2382 ra
1027 2309 1153 2398 ›qlr‘ruu

159 2406 325 2468 Quasnam
341 2407 376 2463 ud
392 2406 497 2464 fontem
511 2405 585 2464 solos
597 2406 739 2462 deducere
754 2425 860 2490 verpus.
1137 2397 1144 2429 '¹

161 2486 219 2542 Sed
233 2497 312 2562 pater
326 2484 356 2542 in
370 2485 466 2553 cause,
481 2485 529 2542 uui
543 2484 663 2560 septima
675 2503 793 2560 quaeque
808 2485 861 2560 suit
874 2485 924 2544 lux
1095 2486 1150 2543 105

161 2563 270 2640 Ignuva
284 2577 312 2622 et
325 2576 434 2640 partem
450 2564 513 2624 vitae
528 2584 585 2621 non
601 2565 692 2640 attigit
707 2564 801 2622 ullam.

201 2645 308 2720 Sponte
322 2657 418 2700 tamen
427 2643 546 2719 juvenes
561 2643 707 2701 imitantur
722 2655 845 2701 caetera:
867 2643 956 2702 solam

161 2723 247 2780 Inviti
260 2741 371 2798 quoque
387 2723 530 2780 avaritiam
545 2741 677 2782 exercere
689 2723 833 2797 jubentur.

162 2801 247 2859 Fallit
260 2801 337 2860 euim
352 2801 449 2858 vitium
464 2801 559 2876 specie
572 2801 683 2874 uirtutis
697 2813 725 2858 et
740 2802 851 2873 umbrat,

160 2881 261 2942 Quum
276 2881 313 2938 sit
326 2881 404 2938 triste
419 2867 665 2956 latlttu‘trittuque
679 2891 708 2938 et
722 2893 799 2937 veste
813 2899 953 2938 severum.
1093 2879 1149 2938 110

162 2959 229 3016 Nec
242 2957 340 3030 dubie,
355 2972 490 3035 tanquam
505 2959 588 3034 frugi,
603 2959 735 3016 laudatur
749 2977 861 3031 avarus,

162 3039 315 3114 Tanquam
329 3057 432 3114 parcus
447 3039 541 3109 homo,
557 3051 585 3096 et
600 3057 693 3096 rerum
708 3038 796 3096 tutela
810 3057 928 3098 suarum

161 3119 250 3175 Certa
264 3115 365 3194 magis,
380 3115 465 3193 quum
480 3118 503 3173 si
519 3118 644 3174 fortunas
658 3129 749 3174 servet
762 3119 878 3175 easdem

162 3196 356 3272 Hesperidum
370 3216 486 3272 serpeus
500 3209 549 3254 aut
563 3197 708 3258 Ponticus.
750 3197 835 3254 Adde
848 3195 926 3272 qudd
941 3199 1029 3269 liunc,
1043 3196 1080 3254 de
1147 3241 1149 3244 .

160 3277 230 3338 Quo
244 3275 350 3351 loquor,
365 3275 512 3351 egregium
527 3276 646 3351 populus
660 3289 739 3350 putat
753 3275 920 3351 acquirendi
1094 3278 1149 3336 115

162 3355 331 3416 Artificem:
352 3354 456 3430 quippe
471 3354 514 3412 his
529 3367 663 3412 crescunt
676 3355 847 3430 patrimonia
861 3355 957 3416 labris.

162 3435 220 3498 Sed
235 3445 370 3491 creseunt
383 3451 553 3508 quocunque
568 3433 660 3504 modo,
676 3434 836 3510 majoreque
851 3434 923 3494 liunt

163 3513 273 3570 lnc-ude
287 3513 411 3583 assidue,
425 3530 591 3588 semperque
606 3514 722 3572 ardente
737 3514 859 3572 camino.

163 3591 199 3650 Et
212 3605 291 3668 pater
305 3589 373 3667 ergd
388 3591 476 3648 animi
492 3591 588 3650 felices
602 3592 692 3650 credit
706 3611 813 3662 avaros,

160 3671 222 3734 Qui
237 3671 353 3728 miratur
366 3687 444 3744 opes,
459 3671 510 3744 qui
522 3670 600 3726 nullu
613 3671 742 3746 exempla
758 3671 831 3728 beati

163 3749 299 3826 Pauperis
312 3768 375 3806 esse
389 3759 469 3824 putat
506 3749 625 3824 juvenes
641 3751 776 3820 hortatur,
791 3751 913 3809 utillum

163 3829 208 3888 lre
222 3829 296 3886 viam
309 3839 448 3962 pergaqq
453 3840 481 3887 et
495 3829 588 3887 eidem
603 3829 770 3888 incumbere
785 3841 870 3886 secte

1105 1695 1150 1753 95

916 1719 934 1769 l.
982 1746 1002 1771 ι,
1022 1756 1100 1778 ψη

918 1766 1014 1806 *alt*
