2666 4310
164 311 198 368 10
471 309 503 358 D.
521 308 617 358 JUNll
634 309 829 358 Juvartlttls

159 450 196 508 Et
208 469 280 526 quos
293 449 437 526 praecipud
452 450 569 528 fugiam,
583 451 737 528 properabo
752 453 841 524 fateri,

159 529 223 586 Nec
239 529 327 596 pudor
341 529 470 587 obstabit.
513 531 580 586 Non
595 549 706 604 possum
724 530 804 600 lerre,
818 530 959 602 Quirites,

158 608 289 663 Graecam
303 607 417 664 urbem:
429 609 559 683 quamvis
567 621 651 682 quota
665 609 755 682 portio
770 608 846 665 laecis
861 610 985 667 nonsit

158 685 222 741 lam
238 683 346 760 pridem
362 686 450 759 Syrus
465 687 493 742 in
508 686 637 742 Tiberim
653 686 770 743 defluxit
783 686 917 760 Orontes,

159 763 195 820 Et
210 763 347 837 linguam,
361 775 390 820 et
401 783 503 836 mores,
517 776 546 821 et
560 783 626 821 cum
640 765 757 821 tibicine
772 766 893 822 chordas

157 841 305 916 Obliquas,
320 861 442 899 necnon
457 844 575 917 gentilia
588 855 720 918 tympana
735 861 832 900 secum

157 921 253 992 Venit,
267 931 296 977 et
310 921 344 977 ad
360 920 478 977 Circum
490 923 583 998 jussas
597 933 721 996 prostare
736 921 851 996 puellas.

157 997 210 1070 Ite,
224 999 326 1074 quibus
339 1011 419 1074 grata
432 1011 476 1056 est
489 1001 565 1075 pictai
580 1000 646 1074 lupa
661 999 778 1056 barbara
791 1000 885 1057 mitrd.

156 1077 294 1134 Rusticus
308 1077 353 1134 illa
368 1089 434 1135 tuus
447 1079 532 1134 sumit
550 1078 744 1152 trecbedipna,
757 1077 891 1151 Quirine,

158 1155 193 1213 Et
208 1157 380 1214 ceromatico
395 1157 447 1214 lert
462 1157 599 1214 niceteria
613 1156 695 1212 collo.

158 1234 214 1291 llic
229 1235 285 1291 altri
299 1235 433 1308 Sicyone,
449 1247 492 1292 ast
506 1235 554 1291 bic
568 1234 721 1308 Amydone
735 1233 844 1306 relictd,

158 1313 214 1370 Hic
229 1313 339 1384 Andro,
351 1313 397 1370 ille
412 1315 508 1383 Samo,
521 1313 568 1369 hic
582 1311 737 1382 Trallibus,
751 1325 800 1369 aut
814 1313 984 1388 Alabandis,
1108 1319 1156 1378 70

155 1391 297 1466 Esquilias
310 1393 474 1467 dictumque
488 1402 589 1467 petunt
603 1409 619 1446 a
634 1390 738 1446 vimine
752 1391 864 1464 collem,

155 1471 275 1526 Viscera
290 1489 456 1546 magnarum
471 1471 607 1526 domuum
622 1468 785 1543 dominique
801 1469 896 1528 futuri.

155 1548 308 1624 ingenium
323 1549 411 1619 velox,
426 1549 546 1605 audacia
560 1547 679 1622 perdita,
693 1565 785 1603 sermo

155 1627 305 1702 Promptus
328 1638 357 1684 et
371 1626 443 1684 lsaeo
458 1626 615 1683 torrentior.
659 1623 730 1695 Ede,
743 1626 811 1699 quid
826 1627 904 1684 illurn

154 1706 226 1762 Esse
241 1706 341 1781 putesl
362 1706 490 1780 quemvis
505 1703 649 1760 hominem
664 1721 762 1759 secum
777 1705 869 1762 attulit
883 1707 918 1763 ad
933 1725 1006 1766 nos:
1106 1713 1152 1771 75

153 1785 374 1854 Grammaticus,
385 1785 495 1862 rhetor,
511 1793 678 1857 geometres
693 1782 793 1857 pictor,
807 1783 916 1860 aliptes,

154 1864 267 1937 Augur,
282 1863 488 1932 schoenobates,
503 1861 641 1930 medicus,
657 1879 772 1934 magus:
793 1863 890 1920 omnia
903 1865 988 1923 novit.

151 1940 303 1998 Graeculus
316 1941 444 1998 esuriens
459 1941 488 1997 in
502 1940 617 2009 crolum,
629 1938 755 2013 jusseris,
771 1939 829 1997 ibit.

151 2019 199 2076 Ad
216 2038 365 2092 summam,
379 2040 437 2077 non
453 2018 573 2075 Maurus
586 2029 656 2086 erat,
671 2035 762 2090 neque
777 2019 916 2092 Sarmata,
930 2039 987 2079 uec
999 2021 1116 2098 Thrax,

149 2098 213 2159 Qui
228 2099 347 2173 sumpsit
360 2118 478 2174 pennas,
494 2097 596 2152 mediis
609 2095 659 2152 sed
675 2105 758 2151 natus
772 2096 904 2155 Athenis.
1105 2104 1150 2162 80

151 2176 265 2233 Horum
279 2196 332 2251 ego
347 2197 403 2234 non
419 2177 526 2251 fugiam
541 2173 711 2248 conchylial
731 2191 776 2230 mc
790 2175 866 2250 prior
880 2177 929 2236 illa

149 2253 307 2327 Signabitl
328 2255 468 2329 fultusque
483 2265 546 2310 toro
561 2252 676 2308 meliore
691 2253 837 2311 recumbet

148 2331 304 2386 Advectus
319 2331 453 2402 Romam,
467 2351 524 2406 quo
537 2350 628 2406 pruna
648 2342 676 2386 et
690 2341 803 2386 cottana
817 2334 921 2392 ventol

147 2407 249 2480 Usque
264 2407 335 2464 adab
350 2411 417 2467 nihil
433 2422 485 2480 est,
497 2407 572 2484 qudd
587 2421 682 2465 nostra
697 2408 814 2466 infantia
827 2412 931 2470 ooelum

147 2483 259 2542 Hausit
273 2487 445 2545 Aventinum
462 2490 550 2544 bacca
565 2489 669 2543 nutrita
683 2487 810 2544 Sabinal

145 2561 246 2632 Quid,
260 2561 337 2635 qubd
351 2568 485 2623 adulandi
500 2585 571 2641 gens
586 2565 803 2640 prudentissima
817 2567 915 2628 laudat

143 2638 323 2696 Sermonem
339 2643 454 2715 indocti,
470 2646 570 2700 faciem
586 2644 719 2700 deformis
733 2645 828 2716 amici,

141 2712 184 2768 Et
200 2715 320 2790 longum
332 2720 445 2779 invalidi
460 2723 563 2780 collum
579 2722 736 2778 cervicibus
751 2735 843 2797 aequat

139 2789 298 2864 Herculis,
314 2797 447 2856 Antaeum
462 2801 559 2876 procul
575 2820 591 2856 a
605 2801 704 2856 tellure
718 2803 902 2860 tenentisl—

138 2863 225 2922 Haec
241 2873 341 2928 eadem
357 2875 424 2934 licet
437 2892 465 2935 et
479 2880 560 2936 nobis
574 2879 706 2935 laudare:
727 2879 776 2935 sed
792 2881 848 2938 illis

135 2939 416 3003 Creditur-—

132 3013 214 3070 Nec
231 3032 326 3082 tamen
341 3030 512 3106 Antiochus,
527 3055 581 3092 nec
595 3036 647 3092 erit
661 3035 797 3093 mirabilis
811 3037 870 3096 illic

129 3090 216 3180 Aut.
227 3098 393 3177 Stratocles,
408 3124 456 3168 aut
469 3132 534 3170 cum
550 3114 627 3170 molli
642 3113 805 3172 Demetrius
820 3116 930 3179 Haemo.

171 3179 239 3226 at¹0
253 3184 385 3262 comoeda
399 3201 449 3245 est.
491 3192 601 3249 Ridesl
622 3193 739 3250 meliore
753 3195 899 3256 cachinno

123 3236 321 3311 concutitur
332 3276 338 3312 :
349 3259 421 3346 liet,
436 3269 459 3323 si
473 3269 610 3343 lacrymas
624 3271 769 3345 conspexit
783 3274 878 3346 amici,

164 3326 323 3412 eqd'olet:
347 3340 506 3409 igniculum
522 3349 628 3403 brumae
642 3350 665 3405 si
680 3360 806 3424 tempore
821 3371 931 3428 poscas,

142 3407 261 3482 *Octprt
275 3409 490 3479 endromiden:
519 3427 542 3482 si
557 3426 669 3497 dixeris,
685 3442 781 3500 aestuo,
795 3432 886 3488 sudat.

107 3483 328 3609 Nggttpqmus
343 3491 417 3563 crgb
432 3516 529 3569 pares:
551 3505 658 3575 melior,
673 3506 720 3579 qui
734 3525 844 3582 semper
858 3522 887 3568 et
900 3513 980 3572 omni

266 3575 356 3630 mque
372 3582 466 3638 potest
481 3579 602 3637 alienum
617 3603 726 3640 sumere
741 3585 859 3660 vultum,
