2666 4310
558 281 682 328 sualua
700 281 775 330 Vlll.

529 502 687 559 SATIRA
710 503 796 560 VIII.

218 558 368 656 &nuptie

213 661 383 716 Saeuum
398 659 466 734 quid
482 659 599 730 faciunt,
614 660 682 734 quid
697 661 819 736 prodest,
836 661 964 734 Pontice,
978 662 1066 738 longo

174 738 321 814 Sanguine
335 738 456 810 censeri,
470 739 616 814 pictosque
627 741 776 796 ostendere
793 742 884 798 vultus

173 817 325 892 Majorum,
339 829 370 874 et
384 829 490 874 stantes
505 819 533 874 in
548 819 678 874 curribus
693 818 872 892 AEmilianos,

175 897 213 953 Et
226 896 329 953 Curios
340 897 397 972 jam
413 896 555 967 dimidios,
571 897 758 970 humerosque
771 899 907 956 minorem

172 975 338 1046 Corvinum,
352 986 381 1032 et
395 975 515 1032 Galbam
530 975 664 1032 auriculis
678 995 802 1050 nasoque
816 978 982 1036 carenteml
1127 931 1199 1028 f

171 1054 248 1116 Quis
263 1054 371 1110 fructus
384 1054 498 1129 generis
512 1054 611 1110 tabula
622 1053 730 1128 jactare
744 1057 844 1130 capaci

171 1133 338 1204 Corvinum,
352 1133 470 1208 posthac
483 1133 573 1190 inulti
586 1132 752 1209 contingere
766 1135 845 1210 virga

172 1212 311 1268 Fumosos
324 1213 451 1286 equitum
466 1231 532 1269 cnm
548 1212 684 1270 dictatore
699 1231 726 1268 rn
766 1214 857 1286 istros,

172 1291 204 1348 Si
218 1309 317 1348 coram
332 1290 448 1366 Lepidis
462 1287 537 1348 male
552 1290 674 1350 viviturl
715 1291 740 1348 E
791 1293 832 1350 ies
845 1291 901 1369 qud

171 1369 231 1428 Tot
245 1370 421 1441 bellatorum,
436 1371 460 1428 si
475 1369 581 1428 luditur
595 1370 658 1428 alea
670 1390 779 1446 pernox

172 1450 251 1507 Ante
265 1447 294 1504 N
297 1441 478 1506 umantinosl
500 1449 523 1506 si
538 1449 662 1506 dormire
677 1450 779 1526 incipis
791 1461 855 1520 ortu

172 1527 308 1601 [ῥοῇς-Εἰ,
323 1546 380 1602 quo
393 1527 476 1602 sigua
489 1529 578 1586 duces
592 1539 621 1586 et
635 1541 730 1586 castra
744 1530 913 1588 movebantl

172 1607 232 1664 Cur
247 1607 438 1682 Allobrogicis
451 1617 480 1664 et
500 1608 604 1682 magnai
618 1609 741 1683 gaudeat
754 1609 804 1665 arri

173 1685 266 1743 Natus
281 1686 310 1742 in
325 1685 470 1744 Herculeo
485 1685 507 1741 F
529 1686 591 1742 bins
604 1687 711 1776 lapemsi
723 1688 857 1767 eupidus,
872 1689 896 1745 ei

172 1765 283 1837 Vanus,
298 1775 327 1822 et
340 1763 479 1840 Euganea
493 1704 795 1839 qbladldmvisiliotlior
810 1767 902 1842 agnlu

80 1888 82 1892 Α
173 1843 349 1902 strenarum
365 1845 475 1901 attritus
489 1844 637 1902 Catinensi
652 1845 766 1920 pumice
779 1845 909 1904 lumbum

174 1923 343 1997 squalentes
356 1923 480 1982 traducit
494 1941 527 1980 av
562 1935 744 2014 ,emptorque
759 1925 861 1982 veneni

173 2001 345 2078 Frangendb
359 2001 490 2058 miseram
506 1943 628 2074 &oblat
638 1983 764 2078 iriiagine
778 2003 915 2078 genteml

173 2079 249 2138 Tota
262 2079 331 2138 licet
346 2091 454 2137 veteres
467 2093 606 2156 exoment
619 2082 745 2156 undique
759 2100 832 2138 cerae

173 2159 265 2230 Atria,
280 2158 412 2216 nobilitas
426 2159 485 2216 sola
499 2171 541 2217 est
555 2171 639 2234 atque
653 2160 740 2216 unica
754 2161 849 2218 virtus.
929 2217 933 2232 ,
1058 2223 1063 2234 ,
1119 2161 1160 2221 2⁰

174 2237 290 2310 Paulus,
305 2238 348 2294 vel
363 2237 479 2308 Cossus,
494 2239 537 2295 vel
553 2237 675 2310 Drusus,
690 2239 815 2296 moribus
828 2250 889 2298 esto
901 2233 1014 2330 εμπιι
1038 2281 1083 2308 Μ,
1093 2263 1112 2324 q

174 2317 235 2388 Hos
251 2331 316 2374 ante
330 2316 439 2392 effigies
452 2317 590 2393 majorum
604 2337 677 2392 pone
691 2331 821 2378 tuorum:
1095 2319 1099 2338 '

173 2395 342 2453 Praecedant
356 2395 430 2470 ipsas
444 2395 494 2468 illi,
509 2407 537 2453 te
551 2397 687 2468 Consule,
703 2397 803 2472 virgas.

173 2475 269 2532 Prima
283 2475 352 2532 mihi
367 2475 454 2532 debes
467 2475 554 2542 anirni
569 2475 651 2533 bona.
694 2477 818 2534 Sanctus
832 2476 941 2550 haberi,

172 2553 351 2628 iustitiaeque
364 2564 450 2610 tenax
464 2553 544 2612 factis
558 2555 698 2630 dictisque
713 2556 850 2630 mereris?
1119 2555 1160 2614 att
1179 2617 1181 2621 ,

173 2635 310 2709 Agnosco
323 2649 478 2710 pLQeJem.
521 2633 614 2705 Salve,
628 2634 778 2705 Gaetulice,
792 2653 843 2692 seu
857 2645 888 2692 tu

173 2714 299 2784 Silanus,
313 2729 482 2787 quocunque
496 2711 552 2770 alio
566 2713 770 2788 desanguiue!
794 2733 873 2770 rarus

173 2792 251 2849 Ciuis
265 2802 294 2850 et
308 2789 441 2866 egregius
453 2791 551 2866 patriae
566 2792 712 2867 contingis
724 2793 829 2850 ovanti.

174 2871 343 2928 Exclamare
356 2869 435 2941 libet,
449 2869 570 2944 populus
584 2871 658 2944 quod
672 2871 786 2942 clamat,
800 2869 879 2928 Osiri

176 2949 325 3037 Inventopq
343 2947 419 3009 Quis
433 2948 510 3004 enim
524 2967 693 3023 generosum
707 2949 809 3007 dixerit
823 2947 973 3025 hunc,qui
1018 2939 1093 3086 Ψ
1120 2948 1161 3008 30

175 3029 316 3104 Indignus
342 3045 458 3102 genere,
472 3039 501 3084 et
514 3028 649 3102 praeclaro
663 3029 778 3086 nomine
792 3025 904 3086 tantum

175 3107 321 3183 Insignis?
353 3105 473 3163 Nannm
488 3106 636 3181 cujusdam
652 3107 771 3164 Atlanta
785 3125 935 3176 vocamus;

175 3186 339 3262 AEthiopem
353 3203 493 3259 cycnum;
515 3203 628 3260 pravam
642 3196 836 3261 extortamque
850 3185 973 3261 puellam

175 3265 328 3340 Europen:
349 3263 470 3320 canibus
484 3263 581 3338 pigris,
595 3265 746 3340 scabquue
761 3266 871 3323 vetustis

175 3345 308 3415 LevibuS,
323 3353 352 3399 et
365 3343 450 3398 siccae
465 3341 655 3400 lambentibus
667 3362 719 3400 ora
732 3344 869 3416 lucernae,
1121 3343 1161 3402 3⁵

175 3422 289 3480 Nomen
303 3422 357 3478 erit
370 3421 484 3496 pardus,
498 3420 589 3496 tigris,
605 3421 659 3493 leo,
672 3422 695 3480 si
710 3423 777 3496 quid
792 3423 887 3480 adhuc
900 3433 954 3496 est,

173 3502 261 3564 Quod
275 3502 375 3557 fremat
389 3500 417 3556 iu
432 3499 514 3557 terris
528 3499 686 3558 violentius.
728 3500 805 3577 Ergd
820 3502 944 3575 cavebis,

174 3581 212 3638 Et
228 3591 349 3650 metues,
364 3597 401 3635 ne
414 3589 445 3635 tu
460 3577 498 3634 sis
512 3577 645 3636 Creticus
659 3591 708 3636 aut
721 3579 901 3638 Camerinus.

215 3659 270 3716 His
283 3677 338 3734 ego
351 3673 434 3734 quem
451 3657 570 3714 monuit
591 3669 686 3714 tecum
700 3669 744 3716 est
757 3659 826 3716 mihi
841 3678 943 3731 sermo,
959 3658 1076 3716 Rubelli

176 3739 290 3796 Blande
333 3735 444 3792 Tumes
458 3736 514 3792 alto
528 3735 685 3803 Drusorum
699 3749 857 3810 stemmate,
872 3750 1006 3813 tanquam
1124 3739 1164 3797 40

178 3815 291 3876 Fereris
305 3833 365 3892 qtae
379 3815 496 3889 aliquid,
509 3825 621 3890 propter
635 3816 709 3890 quod
723 3817 827 3876 nobilis
840 3835 928 3888 esses,
