2652 4308
211 268 265 328 mi
551 269 581 314 a.
600 265 711 316 reasrr
730 265 853 316 rtaccr

207 407 287 466 Tun'
302 427 380 466 marc
393 409 569 468 transuliasl
589 409 651 480 tibi,
665 409 737 466 tortt‘r
751 410 881 467 cannabo
896 409 974 482 fulto,

208 487 299 544 Crnna
314 489 350 545 sit
366 489 393 544 in
409 489 554 546 transtrol
596 489 844 562 Veientanumque
859 489 997 545 rubellum

210 565 329 624 Exhalat
345 567 445 640 rapidi
462 567 560 624 lasum
574 569 638 642 pice
654 567 746 622 fissilis
759 569 853 624 obbal

207 645 288 705 Quid
304 647 376 720 petis
389 647 397 702 l
419 657 448 702 ut
464 647 583 716 nummi,
597 665 667 720 qnos
682 645 729 702 hic
743 647 904 720 quincunce
919 648 1045 704 modesto

210 723 237 780 N
241 725 368 796 utrieras,
383 737 501 799 pergant
516 726 612 782 aridos
626 725 728 780 sudare
742 725 888 781 deuncesl
1143 728 1199 785 150

210 802 330 878 indulge
345 803 439 878 genio,
454 821 604 878 carpamus
618 804 731 860 dulcia:
753 817 879 860 nostrum
893 815 946 876 est,

207 881 295 942 Quod
311 881 398 938 vivis:
419 882 493 938 ciuis
505 897 534 940 et
548 901 646 938 manes
659 893 688 938 et
702 881 796 940 fabula
810 882 867 940 fies.

209 959 279 1017 Vive
294 979 401 1016 memor
415 959 478 1016 leti:
501 961 572 1036 fugit
586 962 671 1018 hora:
694 961 758 1030 boc,
768 963 843 1036 quod
855 961 960 1038 loquor,
975 963 1041 1019 inde
1055 972 1107 1018 est

247 1037 292 1095 En
306 1039 373 1112 quid
389 1039 471 1114 agisl
492 1040 598 1115 duplici
614 1040 641 1096 ir.
657 1040 798 1096 diversum
814 1041 952 1098 scindetis
968 1042 1070 1098 harno:

210 1115 363 1174 Hunccine
377 1136 414 1174 an
430 1118 506 1174 hunc
520 1119 669 1193 sequerisl
689 1118 791 1175 subeas
805 1119 929 1176 alternus
941 1129 1049 1196 oportet
1140 1121 1199 1177 155

209 1195 337 1270 Ancipiti
351 1196 487 1270 obsequio
501 1197 630 1254 dominos
642 1217 649 1264 ;
671 1197 796 1254 alternus
809 1199 931 1255 oberres.

209 1273 274 1330 Nec
288 1287 329 1344 tu,
343 1293 430 1350 quum
445 1275 586 1332 obstiteris
600 1276 697 1346 semel,
713 1276 887 1350 instantique
902 1277 1014 1353 negritia

209 1351 312 1410 Parere
327 1353 454 1428 imperio,
469 1355 547 1429 Rupi
559 1355 616 1430 jam
633 1355 756 1424 vincula,
771 1357 859 1412 dicas.

209 1429 285 1488 Nam
299 1445 327 1490 et
341 1432 446 1490 luctata
459 1435 539 1489 canis
554 1436 660 1491 arulum
676 1435 795 1510 abripit:
816 1447 939 1492 attamen
955 1435 1004 1506 illi,

208 1509 308 1570 Quum
321 1511 401 1584 sugit,
416 1531 432 1568 a
446 1511 519 1568 collo
532 1515 651 1570 trahitur
665 1533 730 1588 pars
744 1514 828 1589 longa
841 1525 958 1571 catenae.
1141 1515 1199 1570 160

247 1587 337 1659 Dave,
351 1587 420 1658 citri,
436 1591 489 1646 hoc
503 1593 603 1648 credas
614 1593 710 1666 jubeo,
724 1594 805 1650 finire
820 1592 930 1649 dolores

211 1666 368 1724 Praeteritos
384 1669 519 1726 meditor:
543 1671 675 1743 (crudum
691 1675 897 1730 Chaerestratus
913 1690 1036 1747 unguem

209 1745 359 1803 Abrodens
372 1747 411 1804 ait
426 1749 509 1824 haec.)
531 1769 567 1806 an
583 1751 667 1807 siccis
681 1753 805 1808 dedecus
818 1751 927 1806 obstent

208 1823 368 1900 Cognatisl
388 1847 424 1882 an
440 1846 499 1883 rem
514 1830 631 1903 patriam
648 1849 760 1887 rumore
774 1830 887 1886 sinistro

208 1902 309 1960 Limen
324 1905 359 1961 ad
373 1905 539 1962 obscoenunr
555 1908 692 1983 frangam,
703 1910 771 1965 durn
786 1909 933 1982 Chrysidis
948 1909 1017 1966 udas
1144 1909 1200 1965 165

211 1981 312 2039 Ebrius
326 1995 390 2041 ante
405 1984 477 2041 sores
491 1986 630 2043 exstincta
644 2006 710 2044 cum
726 1989 786 2044 sace
801 1987 907 2044 cantol

208 2065 216 2091 ⁸
232 2061 324 2137 Euge,
338 2081 417 2137 puer,
432 2065 542 2138 sapias:
564 2065 609 2122 dis
623 2067 828 2141 depellentibus
843 2083 944 2141 agnam

208 2139 346 2198 Percote!
388 2143 444 2198 Sed
460 2146 587 2214 censen',
601 2145 729 2219 plorabit,
745 2145 833 2214 Dave,
848 2145 967 2202 relictal

208 2224 216 2249 ‘
232 2217 376 2294 Nugaris:
397 2221 474 2278 soleti
488 2240 557 2296 puer
570 2224 755 2299 objurgabere
771 2223 864 2280 rubria.

207 2295 254 2352 Ne
268 2299 408 2373 trepidare
423 2300 500 2368 velis,
515 2313 598 2375 atque
613 2315 705 2359 arctos
720 2304 818 2360 rodere
832 2321 935 2358 casses.
1157 2303 1198 2360 70
1217 2299 1219 2306 ’

207 2373 296 2432 Nunc
311 2377 385 2433 serus
399 2389 428 2435 et
442 2379 566 2434 violens:
588 2392 625 2452 at,
640 2382 663 2438 si
679 2393 768 2452 vocet,
784 2381 859 2437 haud
874 2399 962 2451 mora,
976 2381 1065 2452 dicae,

207 2452 355 2514 Quidnam
371 2456 455 2530 igitur
470 2457 592 2515 faciaml
613 2479 649 2515 ne
664 2479 752 2530 nunc,
766 2478 853 2534 quum
865 2477 1006 2531 accersor,
1018 2471 1047 2516 nt
1061 2459 1136 2516 ultro

208 2533 366 2607 supplicat,
381 2537 539 2592 accedaml
560 2539 583 2594 si
598 2550 672 2594 totus
686 2551 714 2595 et
728 2540 838 2614 integer
853 2537 931 2594 illinc

208 2610 335 2681 Exieras,
351 2633 387 2670 ne
401 2617 497 2670 nunc'
539 2616 607 2686 Hic,
624 2618 680 2688 hic,
694 2637 777 2692 quem
792 2617 954 2691 quaerimus,
969 2615 1017 2672 hic
1031 2628 1092 2674 est:

207 2687 274 2746 Non
291 2689 318 2746 in
335 2691 452 2762 festuca,
467 2693 548 2750 lictor
561 2714 644 2768 quam
657 2696 745 2770 jactat
759 2696 878 2770 ineptus.
1140 2697 1198 2753 175

207 2767 261 2824 Jus
276 2769 360 2826 habet
374 2771 420 2826 ille
434 2772 478 2828 sui
493 2773 585 2848 palpo,
600 2793 683 2847 quem
697 2775 777 2831 ducit
791 2775 916 2830 hiantem

207 2846 322 2903 Cretata
336 2849 472 2906 ambitiol
512 2851 617 2926 Vigila,
632 2865 660 2908 et
674 2854 751 2909 cicer
766 2853 864 2928 ingere
878 2850 956 2927 large

208 2924 326 2982 Rixanti
341 2928 453 3002 populo,
469 2941 564 2986 nostra
578 2941 609 2987 ut
623 2931 746 2988 Floralia
759 2932 866 3006 possint

212 3004 306 3078 Aprici
322 3007 482 3064 meminisse
497 3027 587 3066 senes.
628 3010 709 3070 Quid
724 3010 968 3085 pulchriusl-At
980 3027 1068 3084 quum

208 3081 330 3139 Herodis
345 3084 447 3143 vendre
461 3087 532 3158 dies,
548 3089 690 3162 unctdque
705 3089 827 3145 senestrd
1141 3089 1198 3146 180

209 3158 356 3233 Dispositae
370 3164 503 3239 pinguem
518 3167 649 3222 nebulam
666 3165 798 3224 vomudre
812 3167 946 3238 lucerne,

210 3237 354 3295 Portantes
369 3242 463 3313 violas,
479 3245 649 3318 rubrumque
664 3245 791 3321 amplexa
805 3246 931 3302 catinum

209 3314 310 3372 Cauda
324 3330 401 3375 natat
415 3321 525 3393 thynni,
539 3334 629 3380 tumet
643 3324 706 3380 alba
722 3319 914 3381 fidelia'vino:

209 3393 299 3450 Labra
314 3413 409 3452 moves
423 3399 535 3470 tacitus,
550 3404 725 3476 recutitaque
739 3404 854 3458 sabbata
869 3402 966 3477 palles.

202 3471 295 3528 ¹Tunc
310 3472 382 3547 nigri
394 3475 524 3549 lernureS,
539 3499 646 3553 ovoque
660 3481 786 3556 pericula
800 3493 899 3556 rupto:
1143 3479 1196 3538 18⁵

210 3550 286 3608 Hinc
300 3554 422 3626 grandes
436 3555 521 3627 Galli,
537 3569 565 3614 et
579 3578 643 3614 cum
660 3560 741 3626 sistro
755 3560 834 3616 lusca
848 3560 988 3630 sacerdos,

211 3628 360 3687 lacessere
375 3633 443 3688 deos
458 3633 589 3692 inflantes
603 3656 729 3712 corpora,
744 3639 767 3695 si
783 3659 839 3695 non

211 3707 379 3768 Praedictum
394 3721 436 3770 ter
451 3731 533 3770 mane
547 3729 632 3792 caput
646 3717 803 3792 gustaveris
817 3715 865 3774 alli
