2666 4310
196 289 232 347 'ul
505 289 538 338 D.
555 287 651 338 JUNll
668 286 864 338 JUl‘ENAle

196 431 355 490 Fictilibus,
396 430 484 490 Tunc
499 432 547 490 illa
561 433 638 502 time,
652 451 740 507 quum
754 431 856 508 pocula
867 447 963 488 sumes

195 511 355 583 Gemmata,
369 523 398 569 et
411 511 468 568 lato
483 512 612 568 Setinum
628 513 739 568 ardebit
755 511 782 567 in
798 528 875 566 auro.
1138 560 1143 568 ,

195 588 299 646 Jamne
315 589 399 666 igitur
414 590 524 660 laudas,
539 591 613 663 quod
628 591 664 646 de
679 588 854 664 sapientibus
868 589 959 646 alter*
977 562 1004 629 *l
1013 583 1190 662 WWW‘·

195 667 332 738 Ridebat,
346 669 456 742 quoties
471 669 506 725 de
522 669 620 726 limine
635 681 760 726 moverat
774 686 863 724 unum
972 653 1202 746 &aetum

197 746 409 822 Protuleratque
423 749 524 823 pedem
537 768 544 816 ;
566 747 649 804 llebat
664 747 823 804 contrarius
838 745 956 804 auctori
1077 781 1116 826 ,L
1137 742 1182 801 ἃ·

196 825 254 882 Sed
271 825 361 882 lacilis
374 826 464 882 cuivis
478 827 562 902 rigidi
577 845 699 884 censura
712 824 864 885 cachinni:
1039 823 1075 832 ‘⁶

196 903 359 962 Mirandum
373 917 426 976 est,
441 905 517 962 unde
532 905 578 962 ille
592 905 683 962 oculis
696 905 840 962 suffecerit
853 903 963 962 humor.

196 981 336 1057 Perpetuo
349 983 407 1040 risu
420 983 583 1059 pulmonem
598 984 705 1058 agitare
719 983 827 1040 solebat

196 1060 388 1134 Democritus,
402 1081 562 1137 quanquam
577 1081 635 1120 non
649 1073 746 1120 essent
759 1061 876 1120 urbibus
889 1059 945 1120 illis

196 1140 346 1212 Praetexta,
360 1142 516 1212 attrahere,
533 1141 632 1214 fasces,
647 1141 759 1212 lectica,
774 1140 906 1198 tribunal.
1137 1137 1176 1197 33

196 1217 288 1291 Quid,
302 1221 325 1278 si
340 1219 456 1278 vidisset
469 1220 621 1278 Praetorem
636 1221 766 1278 curribus
781 1219 845 1278 altis

197 1298 375 1370 Exstantem,
389 1310 418 1356 et
432 1299 526 1358 medio
539 1301 689 1358 sublimem
705 1299 734 1356 in
747 1298 862 1376 pulvere
876 1297 955 1356 Circi

197 1375 232 1434 In
247 1379 345 1435 tunica
359 1377 448 1447 lovis,
463 1389 492 1434 ct
505 1379 587 1454 pictae
603 1380 726 1436 Sarrana
740 1377 878 1435 ferentem

197 1455 241 1513 Ex
256 1457 382 1514 humeris
395 1457 487 1513 aulaea
500 1469 583 1532 togae,
597 1475 764 1532 magnaeque
777 1475 891 1515 coronae

197 1535 325 1592 Tantum
335 1536 443 1604 orbern,
457 1535 563 1610 quantd
580 1537 674 1595 cervix
685 1555 742 1594 non
757 1535 861 1594 sufficit
874 1535 953 1592 ullal

196 1614 314 1690 Quippe
327 1627 406 1673 tenet
420 1615 526 1672 sudans
541 1616 615 1673 hanc
628 1615 769 1692 publicus,
783 1626 822 1686 et,
836 1614 890 1672 sibi
904 1609 1013 1670 Consrl

197 1693 244 1750 Ne
259 1694 378 1770 placeat,
393 1712 478 1750 curru
493 1713 590 1752 servus
603 1705 729 1770 portatur
743 1695 853 1751 eodem.

197 1771 243 1829 Da
257 1785 377 1830 nuncet
391 1773 544 1846 volucrem,
558 1785 669 1850 sceptro
683 1791 745 1848 quae
760 1771 850 1848 surgit
863 1772 983 1845 eburno,

197 1850 281 1910 lllinc
295 1852 466 1923 cornicines,
482 1854 550 1909 hinc
560 1853 751 1928 precedentis
765 1851 841 1927 longi

197 1931 332 2006 Agminis
344 1931 448 2002 officia,
463 1943 493 1989 et
508 1931 604 1988 niveos
618 1932 653 1988 ad
670 1933 756 1990 fraena
768 1930 910 2001 Quirites

197 2009 318 2068 Delossa
333 2011 361 2068 in
376 2011 477 2068 loculis
490 2030 560 2085 quos
574 2011 698 2086 sportula
712 2012 779 2068 lecit
792 2009 910 2067 amicos.

197 2088 284 2147 Tunc
297 2109 409 2165 quoque
423 2090 569 2148 materiam
584 2090 657 2147 risirs
672 2090 779 2148 invenit
793 2089 829 2146 ad
842 2107 943 2148 omnes

197 2167 344 2226 Occursus
358 2169 515 2239 hominum,
530 2169 611 2244 cujus
625 2170 775 2244 prudentie
788 2179 935 2240 monstrat,

197 2249 332 2306 Summos
346 2267 428 2323 posse
442 2249 524 2318 viros,
535 2259 564 2305 et
578 2268 682 2324 magna
695 2248 824 2323 exempla
837 2247 963 2320 daturos,
988 2305 992 2313 ,

198 2326 356 2384 Vervecum
371 2325 401 2383 in
416 2327 506 2402 patria
520 2346 670 2402 crassoque
684 2328 737 2383 sub
751 2331 817 2384 aere
832 2327 920 2386 nasci.
983 2324 989 2332 '
1040 2309 1061 2344 's

197 2404 325 2462 Ridebat
338 2423 431 2478 curas,
446 2425 500 2462 nec
514 2425 571 2464 non
585 2417 614 2464 et
627 2407 732 2482 gaudia
745 2406 831 2481 vulgi,

198 2483 345 2541 Interdum
359 2495 388 2542 et
402 2484 552 2558 lacrymas,
568 2504 655 2559 quum
671 2484 805 2542 Fortuna
819 2486 879 2562 ipse
896 2482 1002 2542 minaci

198 2561 350 2620 Mandaret
363 2563 494 2637 laqueum
510 2564 692 2639 mediumque
706 2565 869 2622 ostenderet
879 2581 1016 2639 unguem.
1032 2601 1036 2608 ‹

199 2639 275 2718 Ergd
289 2661 474 2719 supervacua,
485 2653 534 2700 aut
547 2643 707 2719 perniciosa
717 2655 862 2720 petuntur,

200 2721 314 2797 Propter
324 2740 387 2797 quae
402 2721 442 2778 las
456 2734 499 2779 est
508 2741 603 2797 genua
618 2723 744 2780 incerare
758 2722 883 2780 deorum.
900 2729 929 2772 a

235 2799 386 2860 Quosdam
401 2801 558 2877 praecipitat
572 2801 698 2876 subjecta
711 2802 838 2876 potentia
852 2817 964 2876 magnae

200 2878 336 2948 lnvidiae;
357 2880 459 2956 mergit
473 2879 558 2957 longa
569 2891 652 2954 atque
668 2879 788 2954 insignis
802 2880 941 2938 honorum

200 2958 322 3034 Pagina;
344 2960 523 3017 descendunt
536 2970 646 3028 stature,
662 2970 821 3032 restemque
836 2968 1000 3033 sequuntur.

198 3036 277 3112 lpsas
288 3037 392 3096 deinde
406 3049 481 3095 rotas
496 3038 625 3113 bigarum
640 3039 763 3113 impacta
775 3038 884 3094 securis

198 3115 300 3188 Caedit,
314 3128 343 3175 et
357 3117 504 3174 immeritis
519 3117 687 3192 franguntur
701 3135 784 3188 crura
798 3116 923 3174 caballis.
954 3111 1028 3160 erut

197 3193 263 3251 lam
278 3196 401 3253 stridunt
415 3195 506 3271 ignes,
517 3197 575 3271 jam
591 3196 702 3252 follibus
715 3207 799 3270 arque
813 3195 935 3254 caminis

199 3273 290 3330 Ardet
303 3275 450 3332 adoratum
464 3276 568 3350 populo
581 3288 676 3350 caput,
691 3286 719 3331 et
731 3286 827 3350 crepat
841 3274 943 3350 ingens

1025 493 1043 513 fl
1058 484 1109 551 ‘plu‘
1149 499 1164 522 L

199 3351 334 3426 Sejanus:
355 3353 458 3410 deinde
473 3373 506 3410 ex
522 3354 594 3430 facie
609 3365 666 3415 toto
676 3354 744 3412 orbe
758 3354 886 3412 secundi

199 3433 286 3490 Fiunt
301 3413 417 3503 adeon,
432 3432 536 3507 pelves,
551 3422 672 3508 sri'rt'ago,
687 3421 834 3508 patetlaes’

198 3512 276 3571 Pone
290 3510 366 3568 dorni
380 3510 483 3582 lauros,
498 3512 554 3568 duc
570 3512 598 3570 in
614 3512 753 3587 Capitolia
768 3530 904 3587 magnum

198 3591 401 3663 Cretatumque
416 3590 532 3647 bovem:
554 3590 676 3665 Sejanus
690 3590 803 3648 ducitur
817 3609 893 3648 unco

198 3669 395 3747 Spectandae:
417 3670 543 3743 gaudent
555 3687 664 3726 omnes.
704 3669 781 3730 Qua>
797 3669 892 3726 labral
912 3669 975 3744 quis
989 3668 1030 3728 illi

199 3746 302 3808 Vultus
316 3748 395 3806 erati
416 3767 572 3823 nunquam,
588 3747 693 3823 siquid
709 3749 778 3806 mibi
793 3749 896 3819 credis,
911 3747 1003 3806 amavi

201 3829 287 3888 lluno
301 3827 453 3887 hominem.
496 3827 554 3886 Sed
564 3846 620 3904 quo
634 3826 739 3886 cecidit
752 3827 805 3884 sub
819 3827 961 3886 crimincl
981 3827 1112 3904 quianam
