2652 4308
173 305 214 364 84
491 307 524 357 D.
540 306 637 358 JUNll
654 305 851 397 turasius

176 447 253 506 Hinc
264 413 394 525 jejunasti
407 449 513 508 odium.
556 451 613 508 Sed
626 415 719 532 Juigia
732 408 822 525 piima
834 465 937 507 sonare
964 501 967 510 .

175 525 321 603 Incipiunt
335 529 437 586 animis
451 531 632 588 ardentibus:
654 527 716 586 hac
730 529 797 586 tuba
811 529 889 586 riae.
912 537 920 570 ἰ
960 543 963 551 ·
978 545 994 557 ·’

175 604 249 663 Dein
264 607 387 664 clamore
402 608 460 683 pari
476 610 662 676 concurritur,
674 620 703 666 et
718 608 779 666 vice
793 607 841 664 teli
870 621 872 626 '

173 685 260 742 Saevit
274 687 350 742 nuda
367 705 482 744 manus:
504 706 602 762 pauore
618 687 679 744 sine
694 687 808 744 vnlnere
822 685 921 764 malm:
934 683 995 738 odo
1008 673 1047 740 lla

174 763 230 825 Vix
244 765 377 839 cuiquam
392 778 440 822 aut
454 767 524 822 nulli
539 777 597 823 toto
611 766 766 822 certamine
781 784 867 822 nasus
898 787 903 797 ·

109 885 118 906 ,
174 839 298 917 integer.
341 844 514 924 Adspiceres
525 845 583 920 jam
598 857 704 900 cuncta
717 864 766 926 per
781 844 896 920 agmina
910 841 1005 900 vultus

175 919 325 993 Dimidios,
341 922 410 991 alias
425 923 521 994 facies,
536 935 564 980 et
578 923 685 980 hiantia
699 923 787 998 ruptis

173 999 248 1056 Ossa
262 985 359 1075 gistis,
368 1001 467 1077 plenos
480 1003 627 1058 oculorum
642 1001 781 1077 sanguine
795 1019 914 1077 pugnos·
955 1046 977 1094 s
1017 1042 1032 1086 .-

175 1078 286 1136 l.udere
300 1100 331 1137 se
345 1082 467 1137 credunt
481 1081 533 1154 ipsi
549 1093 655 1152 tamen,
669 1092 698 1138 et
712 1080 834 1154 pueriles

174 1156 315 1216 Exercere
329 1159 416 1230 acies,
430 1156 505 1234 quod
521 1159 600 1216 nulla
614 1160 753 1216 cadavera
766 1159 888 1216 calcent.

174 1235 210 1292 Et
224 1235 293 1294 sane
308 1235 364 1313 qud
379 1249 420 1294 tot
433 1239 551 1294 rixantis
565 1238 653 1295 millia
667 1237 767 1308 turbae,

174 1315 205 1371 Si
220 1316 317 1374 vivunt
329 1318 448 1374 omnesl
482 1315 559 1391 Ergb
574 1318 665 1374 acrior
681 1317 812 1391 impetus,
826 1315 926 1392 etjam

174 1395 250 1451 Saxa
264 1395 406 1452 inclinatis
420 1415 469 1472 per
484 1395 601 1452 humum
616 1396 732 1470 quaesita
746 1395 860 1454 lacertis

88 1471 89 1474 ’
174 1471 321 1548 Incipiunt
334 1487 473 1548 torquere,
488 1475 643 1532 domestica
656 1474 786 1531 seditioni

173 1551 259 1621 Tela;
282 1573 336 1610 nec
351 1553 427 1610 hunc
441 1553 573 1628 lapidem,
583 1553 680 1627 quales
693 1564 722 1610 et
736 1553 864 1624 Turnus,
878 1563 907 1610 et
920 1549 1006 1628 Aiax,
1124 1553 1166 1610 65

174 1630 227 1687 Vel
242 1650 298 1706 quo
312 1631 441 1706 Tydides
455 1633 595 1708 percussit
608 1633 733 1707 pondere
747 1651 846 1690 coxam

175 1709 291 1779 AEneae;
313 1711 363 1767 sed
377 1729 461 1786 quem
474 1711 586 1768 valeant
598 1711 728 1768 emittere
743 1711 859 1776 dextre,

172 1787 233 1846 lllis
247 1790 398 1846 dissimiles
411 1801 441 1846 et
454 1801 548 1846 nostro
563 1802 688 1865 tempore
702 1801 784 1846 natae.

173 1866 248 1926 Nam
262 1887 354 1944 genus
368 1869 422 1926 boc
436 1869 496 1926 vivo
507 1869 565 1944 jam
578 1869 763 1926 decrescebat
777 1867 912 1926 Homero.

172 1945 265 2004 Terra
278 1947 367 2005 malos
381 1947 509 2007 homines
523 1967 600 2006 nunc
613 1948 717 2004 educat
730 1958 814 2022 atque
827 1947 952 2022 pusillos.
1126 1947 1167 2006 7⁰

172 2023 249 2102 Ergb
264 2029 349 2120 deus,
358 2027 520 2122 quicunque
534 2027 672 2102 adspexit,
687 2027 770 2098 ridet,
784 2039 813 2085 ot
826 2025 894 2083 odit.

212 2093 573 2184 Addudrliclb‘rdpetatur
589 2105 654 2162 sabu
685 2150 691 2161 .
733 2105 885 2180 Postquam
925 2075 1142 2162 ³42*va

172 2183 313 2241 Subsidiis
327 2185 413 2254 aucti,
428 2203 491 2259 pars
505 2185 593 2244 altera
607 2204 625 2259 p
688 2170 735 2240 eid
751 2185 855 2245 serrum

115 2301 120 2316 .
174 2264 278 2334 Audet,
294 2275 322 2320 et
338 2263 446 2320 infestis
460 2283 585 2339 pugnam
600 2243 757 2332 inblalir‘i'ie
771 2263 882 2339 sagittis
889 2281 897 2332 ;
1065 2321 1070 2336 ‚

172 2341 269 2418 Terga
284 2343 357 2417 fugae
372 2343 458 2398 celeri
473 2343 670 2422 prestantibus
685 2343 818 2418 omn-ibus
833 2343 948 2414 instant,
967 2335 1024 2398 otc«
1038 2329 1166 2404 lfvvffi

171 2419 232 2479 Qui
248 2421 341 2478 vicina
352 2421 451 2477 colunt
467 2417 603 2479 umbrosa
618 2420 747 2496 Tentyra
760 2422 869 2496 palmae.

173 2497 289 2556 Labitur
302 2500 371 2556 bino
385 2499 509 2572 quidam,
525 2500 613 2558 nimii
628 2499 778 2557 formidine
793 2518 909 2556 cursum

172 2575 364 2654 Praecipitans,
379 2579 563 2652 capiturque:
584 2591 627 2636 ast
641 2578 719 2634 illum
735 2579 763 2636 in
778 2579 899 2654 plurima
912 2589 1024 2636 sectum

172 2633 273 2724 Fid‘sla
284 2671 311 2714 et
326 2657 486 2732 particulas,
502 2669 533 2713 ut
547 2658 642 2714 multis
656 2669 783 2716 mortuus
798 2676 873 2714 unus

171 2735 330 2807 sufficeret,
346 2749 435 2794 totum
451 2737 570 2794 corrosis
584 2737 694 2794 ossibus
708 2737 767 2792 edit

173 2813 279 2872 Victrix
296 2818 392 2872 turba:
415 2834 470 2873 nec
485 2816 597 2872 ardenti
614 2813 727 2872 decoxit
738 2819 822 2886 aeuo,

170 2893 230 2950 Aut
245 2890 381 3031 νςψιες
404 2895 518 2969 longum
534 2913 621 2969 usque
636 2891 707 2949 oded
722 2895 889 2968 tardumque
902 2893 1011 2970 putavit

170 2969 293 3048 Exspect
312 2995 342 3031 re
358 2975 443 3044 focos,
458 2986 591 3030 contenta
606 2973 741 3030 cadavere
756 2973 853 3030 crudo.

171 3049 239 3122 Hic,
253 3055 378 3127 gaudere
393 3053 470 3121 libet,
484 3050 561 3126 qudd
577 3072 632 3110 non
648 3051 792 3108 violaverit
806 3051 912 3126 ignem,

170 3127 265 3187 Quem
281 3134 392 3188 summit
406 3132 469 3188 coeli
486 3143 595 3206 raptum
610 3131 645 3186 de
659 3142 737 3205 parte
753 3131 938 3206 Prometheus
1125 3133 1170 3192 85

170 3205 293 3266 Donavit
307 3213 395 3267 terris.
440 3209 588 3294 Elemento
601 3209 736 3286 gratulor,
752 3220 781 3266 et
794 3220 822 3266 te
854 3195 882 3262 cl
889 3213 947 3258 Μ

170 3281 320 3344 Exsultare
335 3309 404 3346 reor.
446 3289 505 3345 Sed
519 3291 566 3362 qui
583 3288 709 3344 mordere
724 3288 844 3350 cadaver

171 3365 322 3437 Sustinuit,
337 3369 374 3424 nil
392 3386 515 3440 unquam
532 3370 586 3424 bric
601 3385 686 3424 came
701 3365 837 3426 libentius
852 3365 920 3424 edit.

171 3443 247 3502 Nam
262 3445 368 3504 scelere
383 3449 411 3504 in
428 3459 506 3502 tanto
522 3467 557 3504 ne
571 3463 689 3520 quaeras,
704 3457 732 3502 et
746 3446 869 3517 dubites
883 3466 921 3504 au

171 3521 266 3581 Prima
280 3525 451 3602 voluptatem
466 3527 531 3600 gula
547 3525 673 3582 senserit.
717 3524 840 3582 Ultimus
854 3503 962 3608 aut-em]
972 3508 1005 3546 α
1018 3514 1061 3542 '¹⁹
1124 3527 1170 3588 ω

170 3600 229 3662 Qui
245 3604 321 3660 stetit
335 3607 483 3676 absumpto
495 3623 552 3678 jam
568 3619 625 3660 toto
640 3623 766 3678 corpore,
781 3601 876 3660 ductis

171 3678 225 3737 Per
239 3691 340 3740 terram
356 3682 461 3758 digitis,
476 3683 579 3757 aliquid
595 3683 630 3738 de
647 3683 785 3756 sanguine
798 3694 902 3758 gustat.

172 3756 325 3833 Vascones,
341 3764 402 3819 haec
418 3761 491 3816 fama
502 3777 554 3830 est,
569 3761 710 3818 alimentis
724 3761 827 3818 talibus
840 3762 909 3820 olim

173 3831 332 3898 Produxdre
344 3841 453 3898 animas
465 3857 480 3894 z·
493 3841 542 3896 sed
558 3859 601 3897 res
616 3839 735 3912 diversa,
751 3841 801 3897 sed
815 3839 875 3899 illic
