2666 4310
574 276 697 324 SATIRA
716 275 777 324 XII.

185 420 242 476 Sed
256 418 323 477 vitio
338 419 407 476 caeci
421 429 534 494 propter
547 418 715 494 patrimonia
729 418 833 474 vivunt.

186 498 200 554 J
205 510 313 555 actatur
328 517 421 554 rerum
437 497 548 554 utilium
562 517 626 572 pars
642 497 779 553 maxima:
800 497 850 553 sed
865 515 920 553 nec

187 571 298 633 Damna
311 578 413 633 levant.
456 576 553 648 Tunc,
568 577 691 632 adversis
707 575 881 649 urgentibus,
897 575 966 632 illuc

187 655 312 727 Recidit,
327 666 357 710 ut
370 654 476 710 malum
491 655 562 710 ferro
577 654 763 723 submitteret,
779 673 812 710 ac
827 673 857 709 se

188 733 315 811 Explicat
329 745 488 808 angustum.
530 732 711 789 Discriminis
727 732 824 788 ultima
837 733 951 807 quando

186 812 321 869 Praesidia
335 813 487 882 afferimus,
503 829 603 868 navem
619 811 729 868 factura
744 812 890 868 minorem.

186 890 199 947 l
215 910 303 963 nunc,
317 902 346 948 et
360 891 450 947 ventis
464 889 588 946 animam
603 888 757 960 committe,
772 889 866 946 dolato

185 969 319 1026 Confisus
333 969 421 1044 ligno,
437 969 533 1044 digitis
548 987 565 1024 a
579 979 667 1025 morte
682 979 805 1024 remotus

184 1049 326 1120 Qunam,
341 1058 390 1104 aut
404 1059 522 1122 septem,
536 1045 560 1103 si
574 1047 610 1103 sit
622 1045 758 1103 latissima
771 1045 861 1104 taedal

184 1125 254 1184 Mox
268 1145 334 1182 cum
349 1125 484 1197 reticulis,
498 1137 526 1182 et
540 1145 623 1200 pane,
638 1137 666 1182 et
681 1135 778 1180 ventre
792 1125 911 1200 lagena,

185 1205 311 1280 Adspice
325 1206 477 1262 sumendas
492 1204 521 1262 in
536 1215 701 1279 tempestate
715 1221 838 1260 secures.

185 1285 243 1341 Sed
257 1295 403 1359 postquam
415 1283 504 1359 jacuit
517 1283 634 1358 planum
648 1299 734 1351 mare,
749 1293 875 1358 tempora
888 1292 1036 1358 postquam

185 1363 324 1438 Prospera
335 1363 463 1432 vectoris,
476 1362 618 1435 fatumque
633 1361 771 1418 valentius
786 1359 863 1418 Euro

186 1441 223 1498 Et
236 1441 345 1516 pelago,
359 1452 506 1516 postquam
520 1439 617 1496 Parcae
632 1440 748 1496 meliora
763 1439 886 1515 benigna

185 1520 277 1577 Pensa
292 1538 378 1576 manu
392 1520 501 1576 ducunt
515 1518 625 1589 hilares,
640 1529 668 1574 et
682 1518 810 1575 staminis
825 1519 881 1576 albi

185 1598 330 1670 Lanificae,
345 1598 458 1654 modica
469 1617 522 1654 nec
537 1594 655 1654 multlrm
672 1597 766 1654 fortior
780 1597 849 1653 aura

185 1677 296 1734 Ventus
310 1677 408 1734 adest:
430 1675 506 1752 inopi
520 1676 687 1732 miserabilis
701 1687 759 1732 arte
774 1675 899 1732 cucurrit

185 1755 319 1813 Vestibus
333 1755 464 1826 extentis,
478 1767 516 1825 et,
530 1755 605 1828 quod
619 1764 798 1829 superaverat
811 1773 912 1827 unum,

185 1835 256 1892 Velo
271 1854 352 1910 prora
365 1853 424 1891 suo.
466 1833 530 1890 lam
546 1833 743 1890 deficientibus
757 1831 880 1905 Austris,

185 1913 257 1988 Spes
271 1913 334 1969 vitae
348 1932 413 1970 cum
428 1913 485 1969 sole
500 1913 587 1968 redit:
609 1923 668 1968 tum
682 1923 778 1988 gratus
792 1911 865 1984 Iulo,

184 1993 279 2066 Atque
293 1991 435 2049 novercali
449 1991 531 2048 sedes
545 1991 658 2066 praelata
671 1989 788 2060 Lavino,

110 2063 121 2082 ⁹
184 2071 365 2146 Conspicitur
379 2069 507 2127 sublimis
521 2088 601 2144 apex,
616 2069 663 2126 cui
677 2069 799 2126 candida
812 2087 916 2126 nomen

185 2149 284 2206 Scrofa
297 2149 385 2222 dedit,
399 2148 471 2205 laetis
484 2147 643 2224 Phrygibus
657 2147 785 2204 mirabile
799 2165 911 2220 sumen,
951 2195 957 2205 .

185 2227 222 2285 Et
236 2247 380 2302 nunquam
393 2227 460 2284 visis
473 2227 589 2302 triginta
602 2227 678 2283 clara
692 2226 832 2283 mamillis.

184 2306 318 2364 Tandem
333 2307 417 2364 intrat
429 2306 534 2382 positas
548 2305 658 2362 inclusa
671 2296 846 2382 persequora
859 2305 958 2377 moles,

184 2385 420 2461 Tyrrhenamque
434 2384 556 2456 Pharon,
572 2396 754 2460 porrectaque
769 2385 884 2442 brachia
897 2402 1020 2458 rursum,

183 2465 260 2526 Quae
274 2464 374 2540 pelago
387 2474 541 2521 occurrunt
555 2464 659 2534 medio,
672 2460 813 2538 longeque
828 2465 992 2538 relinquunt

185 2543 306 2600 Italiam.
348 2540 414 2600 Non
429 2543 471 2599 sic
485 2542 570 2618 igitur
584 2543 721 2599 mirabere
735 2554 840 2618 portus,

184 2623 267 2684 eros
281 2633 381 2678 natura
394 2622 480 2678 dedit.
522 2621 580 2678 Sed
594 2622 696 2678 truncia
710 2639 803 2697 puppe
818 2620 952 2698 magister

186 2700 323 2758 Interiora
336 2700 405 2777 petit
419 2699 534 2758 Baianae
548 2700 642 2775 pervia
655 2700 763 2774 cymba

184 2779 255 2836 Tuti
270 2791 370 2854 stagna
384 2777 472 2836 sinus.
513 2779 647 2836 Gaudent
662 2779 700 2835 ibi
714 2781 818 2836 vertice
830 2797 893 2837 raso

184 2858 306 2915 Garrula
319 2858 412 2915 securi
426 2876 540 2914 narrare
554 2857 679 2932 pericula
692 2868 794 2915 nautae.

185 2935 229 2994 lte
244 2936 338 3012 igitur,
351 2937 441 3012 pueri,
455 2935 560 3011 linguis
574 2936 730 3010 animisque
744 2935 879 3009 faventes,

186 3017 323 3090 Sertaque
337 3015 462 3072 delubris
476 3027 505 3072 et
519 3015 591 3072 sarra
605 3015 739 3090 imponite
754 3015 861 3087 cultris,
881 3079 882 3086 ,

185 3095 232 3151 Ac
246 3094 345 3150 molles
358 3105 456 3172 ornate
471 3093 547 3150 focos
561 3092 728 3168 glebamque
740 3094 893 3152 virentem:

186 3172 250 3229 Jarn
265 3189 377 3248 sequar,
391 3184 420 3229 et
432 3190 522 3243 sacro,
535 3172 610 3247 qnod
624 3183 746 3246 praestat,
761 3171 814 3229 rite
828 3183 953 3248 peracto,

186 3249 259 3308 Inde
273 3252 389 3309 domum
403 3262 537 3325 repetam,
551 3250 671 3324 graciles
686 3251 733 3307 uhi
748 3269 834 3326 parva
846 3270 966 3309 coronas

189 3330 344 3406 Accipiunt
358 3329 448 3404 fragili
462 3329 614 3386 simulacra
628 3329 746 3386 nitentia
760 3330 834 3386 card.

187 3407 245 3465 Hic
259 3419 385 3466 nostrum
399 3408 517 3483 placabo
530 3407 640 3478 lovem,
654 3407 744 3464 laribu
807 3408 955 3500 ,paternis

187 3485 288 3543 Thura
302 3487 387 3557 dabo,
402 3497 485 3560 atque
499 3505 598 3543 omnes
613 3485 694 3542 violae
705 3487 715 3562 j
750 3505 783 3566 a
818 3475 948 3576 fiolores.

186 3565 300 3622 Cuncta
313 3565 421 3622 nitent:
443 3565 540 3640 longos
554 3565 642 3622 erexit
653 3565 741 3639 janua
755 3584 856 3637 ramos

186 3643 223 3701 Et
237 3643 382 3700 matutinis
395 3655 525 3718 operatur
540 3643 609 3699 festa
623 3643 755 3700 lucernis

226 3721 290 3778 Nec
305 3735 436 3797 suspecta
449 3722 500 3778 tibi
514 3722 570 3778 sint
584 3722 655 3792 hec,
667 3721 798 3779 Corvine.
840 3719 981 3796 Catullus,

188 3800 242 3860 Pro
255 3800 336 3878 cujus
351 3800 441 3857 reditu
455 3811 496 3858 tot
509 3819 584 3877 poro
597 3800 705 3874 altaria,
719 3819 818 3878 parvos
