2666 4310
575 291 698 340 SATlRA
718 295 747 340 V.

170 431 312 504 Dicturus,
327 443 459 508 tanquam
474 444 503 490 et
516 433 633 492 diversis
647 436 772 510 partibus
785 434 861 494 orbis

168 513 264 569 Anxia
277 513 413 588 praecipiti
429 513 550 569 venisset
568 513 684 588 epistola
698 515 794 589 pinni.

208 592 302 666 Atque
318 592 424 648 utinam
439 592 482 647 his
496 589 589 666 potitis
603 593 687 667 nugis
701 605 758 650 tota
773 594 820 650 ille
835 589 960 649 dedisset

167 669 312 746 Tempora
326 671 449 741 saevitiae,
465 671 555 726 claras
568 671 670 744 ‹pribus
684 672 798 729 abstulit
813 671 893 744 Urbi,
1093 670 1150 730 150

170 748 348 824 [ilustresque
363 749 472 806 animas
488 749 612 824 impune,
624 760 652 806 et
666 750 778 806 vindice
794 751 890 809 nullol

167 828 225 885 Sed
244 828 335 902 periit,
350 840 497 903 postquam
511 829 681 884 cerdonibus
695 847 757 885 esse
771 830 913 888 timendus

166 907 318 983 Coeperat:
340 907 394 964 hoc
408 907 506 964 nocuit
519 905 682 964 Lamiarum
696 908 775 964 caede
793 909 927 968 madenti

547 1222 706 1282 SATIRA
727 1224 763 1282 V.

207 1382 240 1438 Si
254 1391 282 1438 te
296 1380 429 1457 propositi
443 1381 569 1438 nondum
583 1382 680 1456 pudet,
694 1393 778 1457 atque
792 1383 892 1440 eadem
907 1395 950 1441 est
963 1401 1055 1457 mens,

170 1458 205 1518 llt
220 1461 294 1518 bona
307 1479 418 1517 summa
431 1472 522 1536 putes,
537 1459 630 1517 aliena
645 1461 877 1536 viverequadrai;

168 1539 198 1595 Si
213 1550 294 1614 potes
308 1539 355 1596 illa
367 1540 435 1614 pati,
450 1558 511 1614 quae
527 1558 580 1595 nec
595 1540 762 1596 Sarmentus
775 1539 887 1614 iniquas

168 1617 289 1674 Caesaris
302 1619 338 1675 ad
352 1637 475 1688 mensae,
489 1637 544 1674 nec
559 1617 619 1674 vilis
632 1618 724 1675 Galba
737 1618 863 1676 tulisset:

167 1697 308 1758 Quamvis
319 1697 412 1772 jurato
426 1709 549 1754 metuam
564 1696 615 1754 tibi
629 1697 745 1754 credere
759 1697 831 1754 testi.

170 1775 275 1832 Ventre
290 1775 359 1832 nibil
374 1775 439 1832 novi
455 1775 599 1850 frugalius.
642 1775 706 1832 Hoc
720 1787 815 1833 tamen
826 1775 919 1852 ipsum

171 1853 314 1911 Delecisse
330 1867 406 1930 puta,
420 1855 494 1929 quod
510 1855 587 1911 inani
599 1855 703 1911 sufficit
713 1855 794 1912 alvo:

169 1931 255 1990 Nulla
270 1933 384 2008 crepido
400 1934 498 1990 vacatl
519 1952 658 2007 nusquam
672 1953 752 2009 pons,
766 1944 796 1990 et
808 1933 910 2008 tegetis
928 1953 992 2010 pars

168 2010 296 2068 Dimidia
308 2011 437 2068 breviori
478 2011 605 2068 Tantine
619 2011 722 2087 injuria
735 2013 845 2068 ooenael

167 2090 243 2147 Tam
255 2091 352 2167 jejuna
366 2091 463 2157 fames,
484 2109 573 2164 quum
594 2091 639 2165 pol
653 2090 689 2147 sit
704 2091 848 2148 honestius
862 2089 920 2148 illic
1113 2089 1150 2146 ll)

169 2168 204 2226 Et
218 2181 347 2240 tremere,
362 2181 390 2226 et
403 2171 499 2226 sordes
514 2169 594 2226 farris
607 2171 735 2226 mordere
749 2169 866 2226 caninil

207 2247 302 2306 Primo
317 2248 371 2324 fige
385 2248 457 2319 loco,
472 2246 548 2325 qued
563 2260 593 2305 tu
607 2249 786 2305 discumbere
797 2249 892 2324 jussus

170 2325 333 2384 Mercedem
347 2327 464 2384 solidam
479 2339 604 2384 veterum
619 2327 696 2403 capis
709 2327 874 2385 officiorum.
1008 2385 1013 2398 ,

168 2404 290 2462 Fructus
305 2405 436 2462 amicitie
451 2425 560 2482 magne
576 2406 676 2462 cibus:
698 2405 817 2481 imputat
832 2409 909 2464 hunc
922 2425 982 2479 rex,

168 2483 214 2555 Et,
230 2484 357 2560 quamvis
371 2503 474 2556 rarum,
489 2496 584 2541 tamen
599 2484 725 2560 imputat.
767 2483 844 2561 Ergd
860 2487 932 2542 duos
945 2495 1008 2562 post
1113 2485 1150 2542 15

168 2563 199 2620 Si
213 2563 296 2621 libuit
309 2582 423 2620 menses
436 2563 599 2640 neglectum
613 2563 747 2620 adhibere
761 2563 905 2642 clientem,

167 2641 269 2700 Tertia
283 2662 319 2700 ne
334 2661 424 2699 vacuo
437 2653 560 2698 cessaret
574 2642 679 2698 culcita
692 2642 784 2712 lect0;

167 2719 232 2779 unt
247 2720 344 2792 simus,
359 2721 405 2778 ait.
448 2721 584 2777 Votorum
598 2720 723 2777 summa!
745 2720 826 2781 Quid
841 2719 915 2779 ultrd

166 2799 304 2861 Quaerisl
345 2799 441 2856 Habet
454 2799 588 2870 Trebius,
603 2811 713 2874 propter
727 2799 801 2873 quod
815 2818 946 2876 rumpere
959 2815 1090 2858 somnnn

167 2877 288 2950 Debent,
302 2889 331 2936 et
344 2878 445 2954 ligulas
460 2878 611 2949 dimittere,
627 2878 774 2948 sollicitus,
790 2897 828 2934 ne
1110 2878 1150 2936 20

167 2956 244 3014 'I'ota
257 2957 404 3014 salutatrix
415 2957 474 3032 jam
487 2956 569 3014 turba
583 2956 723 3032 peregerit
736 2957 833 3013 orbem

168 3035 317 3093 Sideribus
330 3036 434 3106 dubiis,
449 3046 498 3092 aut
512 3034 559 3092 illo
573 3047 708 3110 tempore,
722 3055 778 3110 quo
791 3054 822 3092 se

168 3113 283 3190 Frigida
298 3114 497 3189 circumagunt
509 3114 581 3189 pigri
596 3132 709 3170 sarraca
730 3113 835 3171 Bootae.

166 3193 271 3254 Qualis
285 3211 368 3250 coena
382 3205 475 3250 tamen
487 3195 499 3250 l
539 3193 656 3263 Vinum,
671 3193 745 3266 quod
760 3192 876 3249 succida
890 3191 959 3249 nolit

168 3271 248 3329 Lana
262 3272 338 3348 pati:
360 3272 396 3328 de
410 3271 527 3328 conviva
542 3271 703 3345 Corybanta
718 3270 835 3328 videbis.
1112 3271 1151 3330 25

166 3349 268 3425 iurgia
282 3350 450 3426 proludunt;
472 3351 521 3406 sed
536 3368 602 3406 mox
619 3362 648 3406 et
662 3351 762 3424 pocula
776 3366 889 3424 torques

167 3429 299 3500 Saucius,
311 3441 340 3487 et
353 3429 438 3486 rubra
451 3429 581 3502 deterges
595 3429 710 3484 vulnera
723 3428 835 3504 mappa,

168 3507 245 3564 luter
260 3528 308 3564 vos
322 3507 431 3583 quotics
445 3507 664 3581 libertorumque
679 3507 822 3563 cohortem

166 3585 268 3662 Pugna·
283 3587 443 3661 Saguntina
458 3585 545 3642 servet
559 3585 709 3641 commissa
722 3585 834 3660 legend.

167 3664 232 3740 lpse
247 3665 378 3740 capillato
391 3663 525 3722 diffusum
540 3663 655 3720 consule
670 3675 757 3737 potat,

166 3743 369 3818 calcatamque
384 3754 462 3800 tenet
476 3743 556 3798 belus
570 3742 722 3798 socialibus
737 3759 829 3812 uvam,

167 3821 307 3881 llanliaco
320 3841 464 3897 nunquam
475 3821 609 3898 cyathum
624 3819 760 3878 missurus
774 3819 874 3879 amico.
