2666 4310
159 301 199 359 ἰθ
470 300 503 349 D.
519 299 615 348 JUNll
633 299 828 348 Juvnrtnnts

159 443 231 500 Cras
244 441 321 500 bibet
337 441 456 500 Albanis
470 441 573 517 aliquid
588 443 624 500 de
640 441 793 514 montibus,
807 451 856 500 aut
869 440 906 499 de

159 521 275 592 Setinis,
289 521 371 595 cujus
382 522 499 596 patriam
514 522 682 595 titulumque
695 533 827 578 senectus

159 599 271 656 Delevit
285 600 373 656 multa
386 599 486 656 veteris
501 600 618 674 fuligine
632 613 729 668 testae3

157 678 252 738 Quale
267 679 392 735 coronati
407 677 534 735 Thrasea
550 677 753 752 Helvidiusque
768 678 903 735 bibebant

158 755 309 813 Brutorum
322 772 350 814 et
364 756 446 813 Cassi
462 758 611 814 natalibus.
653 756 717 832 lpse
738 775 858 832 capaces

159 834 311 892 Heliadum
325 847 443 907 crustas,
457 849 487 893 et
500 835 653 910 inaequales
667 835 771 910 beryllo

159 913 241 971 Virro
254 925 331 971 tenet
345 914 471 990 phialas:
492 915 543 972 tibi
558 934 615 972 non
629 914 815 971 committitur
828 929 948 982 aurum

158 991 222 1064 Vel,
236 993 259 1050 si
273 993 386 1068 quando
399 993 492 1062 datur,
506 1005 603 1050 custos
616 993 716 1049 affixus
727 992 843 1066 ibidem,

156 1070 217 1131 Qui
232 1082 362 1129 numeret
374 1090 511 1146 gemmas,
526 1090 691 1148 unguesque
704 1071 833 1128 observet
853 1082 961 1129 acutos.

158 1148 202 1206 Da
213 1149 342 1207 veniam:
364 1150 498 1225 preclara
512 1149 571 1207 illic
585 1150 715 1206 laudatur
729 1149 822 1226 iaspis.

158 1227 235 1285 Nam
248 1229 341 1299 Virro,
356 1240 386 1286 ut
398 1229 488 1299 multi,
502 1247 629 1304 gemmas
643 1229 678 1285 ad
693 1229 795 1303 poeula
808 1227 940 1286 transfert

157 1307 185 1364 A
200 1307 306 1383 digitis,
320 1325 390 1382 quas
404 1307 433 1364 in
447 1308 556 1383 vaginae
571 1308 661 1364 lronte
674 1307 782 1364 solebat

157 1385 266 1444 Ponere
281 1386 409 1462 zelotypo
420 1387 531 1462 juvenis
544 1387 677 1461 praelatus
691 1385 789 1443 larbn.

157 1463 205 1520 Tu
220 1465 413 1522 Beneventani
427 1465 529 1522 sutoris
544 1484 646 1522 nomen
663 1465 813 1522 habentem

157 1543 285 1600 Siccabis
299 1543 417 1600 calicem
432 1562 563 1600 nasorum
577 1556 705 1618 quatuor,
719 1561 753 1600 ac
771 1543 830 1619 jam

156 1621 340 1691 Quassatam,
351 1633 380 1678 et
393 1634 474 1698 rupto
487 1635 649 1697 poscentem
664 1623 769 1678 sulfura
783 1623 861 1680 vitro.

157 1700 188 1756 Si
203 1702 364 1758 stomachus
378 1701 485 1758 domini
500 1701 588 1758 fervet
601 1701 720 1776 vinoque
734 1701 853 1776 ciboque
867 1720 875 1771 ;

159 1778 298 1854 Frigidior
311 1779 421 1836 Geticis
434 1780 537 1855 petitur
551 1781 670 1837 decocta
684 1779 802 1854 pruinis.

195 1857 262 1916 Non
275 1859 375 1915 eadem
390 1859 467 1916 vobis
481 1858 547 1934 poni
561 1855 646 1916 modd
661 1860 726 1915 vina
738 1858 893 1934 querebar:

156 1935 215 1994 Vos
230 1937 314 1994 aliam
328 1938 430 2013 potatis
444 1955 552 2014 aquam.
594 1937 662 1994 Tibi
677 1938 779 2013 pocula
791 1957 888 1994 cursor

155 2016 285 2074 Gaetulus
298 2017 377 2074 dabit
391 2027 439 2073 aut
451 2017 524 2092 nigri
539 2035 640 2073 manus
653 2035 734 2076 ossea
748 2015 853 2088 Mauri,

156 2093 194 2152 Et
206 2096 253 2152 cui
267 2115 317 2171 per
331 2096 454 2152 mediam
469 2095 541 2152 nolis
554 2115 703 2153 occurrere
718 2108 841 2168 noctem,

156 2173 276 2231 Clivosae
290 2174 400 2231 veheris
413 2175 481 2230 dum
496 2193 544 2248 per
558 2186 741 2232 monumenta
754 2174 864 2232 Latinae
959 2225 960 2228 ,

156 2251 223 2310 Flos
238 2253 316 2309 Asiae
331 2264 396 2309 ante
410 2253 512 2328 ipsum,
526 2253 615 2327 pretio
630 2253 735 2328 majore
748 2265 871 2329 paratus,

155 2329 255 2392 Quam
270 2331 322 2408 luit
335 2342 364 2388 et
378 2331 457 2388 Tulli
471 2351 574 2387 census
588 2333 735 2407 pugnacis,
750 2344 779 2389 et
792 2332 880 2404 Anci,

157 2409 203 2481 Et,
218 2429 254 2466 ne
268 2421 296 2467 te
311 2421 434 2480 teneam,
448 2409 645 2467 Romanorum
659 2412 755 2468 omnia
769 2429 868 2486 regum

157 2487 278 2546 Frivola.
318 2488 406 2549 Quod
421 2507 508 2564 quum
523 2489 562 2546 ita
575 2489 621 2560 sit,
635 2501 665 2546 tu
676 2489 820 2546 Gaetulum
831 2489 1029 2564 Ganymedem

157 2567 292 2643 Respice,
303 2585 390 2642 quum
405 2567 490 2638 sities.
531 2567 633 2625 Nescit
647 2579 688 2624 tot
701 2568 825 2624 millibus
838 2580 951 2643 emptus

157 2645 331 2722 Pauperibus
346 2647 465 2703 miscere
478 2665 565 2721 puer:
586 2647 636 2703 aed
652 2646 750 2717 forma,
765 2647 815 2703 sed
830 2659 899 2705 aetas

156 2724 253 2800 Digna
266 2724 425 2800 supercilio.
465 2725 592 2786 Quando
606 2725 641 2781 ad
656 2736 684 2782 te
698 2725 825 2800 pervenit
838 2725 905 2782 illel

154 2803 283 2866 Quando
296 2815 412 2860 vocatus
427 2803 508 2860 adest
520 2805 620 2860 calide
634 2803 791 2878 gelidaeque
805 2803 956 2863 miniaterl

154 2881 270 2958 Quippe
284 2881 447 2957 indignatur
462 2883 548 2940 veteri
561 2900 660 2958 parere
674 2883 781 2954 clienti,

154 2959 300 3036 Quddque
314 2961 417 3035 aliquid
433 2979 542 3036 poscas,
556 2974 584 3018 et
597 2958 674 3036 qudd
688 2981 718 3018 se
732 2972 824 3018 stante
838 2961 996 3020 recumbas.

155 3038 284 3097 Maxima
296 3058 414 3114 quaeque
428 3039 529 3096 domus
540 3043 627 3098 servis
641 3052 684 3096 est
698 3041 782 3116 plena
795 3041 931 3116 superbis.

195 3117 272 3176 Ecce
288 3119 359 3174 alius
372 3130 477 3194 quanto
490 3118 613 3193 porrexit
627 3137 769 3176 murmure
783 3137 886 3196 panem

157 3197 211 3254 Vix
225 3197 354 3268 fractum,
369 3197 464 3255 solide
475 3197 535 3272 jam
549 3198 663 3255 mucida
678 3198 764 3254 frusta
778 3197 885 3271 farine,

155 3273 230 3335 Qua
244 3275 402 3351 genuinum
417 3276 533 3350 agitent,
549 3294 605 3332 non
620 3276 797 3334 admittentia
810 3273 953 3334 morsum!
1036 3338 1037 3341 ,

155 3354 212 3410 Sed
227 3366 317 3424 tener,
331 3365 360 3410 et
373 3355 481 3425 niveus,
496 3354 627 3428 mollique
641 3354 753 3430 siligine
768 3356 859 3412 lactus

155 3433 288 3490 Servatur
302 3433 435 3490 domino:
457 3433 585 3489 dextram
599 3433 731 3490 cohibere
745 3447 896 3493 mementc.

155 3511 241 3568 Salva
255 3511 290 3568 sit
297 3513 423 3588 artocopi
432 3512 597 3568 reverentia.
639 3511 731 3586 Finge
745 3523 841 3569 tamen
855 3526 884 3570 te

148 3587 365 3665 ‘lmprobulum;
388 3600 514 3664 superest
528 3589 596 3661 illle,
610 3589 657 3664 qui
672 3609 776 3665 ponere
790 3604 882 3667 cogat.

157 3669 205 3726 Vis
220 3679 249 3724 tu
264 3667 407 3725 consuetis
422 3669 515 3724 audax
529 3670 647 3728 conviva
660 3669 791 3726 canistris

156 3746 280 3822 lmpleri,
294 3746 430 3821 panisque
444 3747 484 3804 tui
499 3747 610 3803 novisse
624 3747 770 3804 coloreml

153 3823 272 3872 m„
286 3825 340 3883 hoc
355 3826 454 3898 luerat,
468 3837 581 3902 propter
595 3825 679 3902 quod,
694 3825 769 3902 saepe
784 3827 884 3886 relicta
