2666 4310
548 280 671 329 SATIRA
694 280 764 330 VIII.

164 425 336 485 Permixtum
352 425 457 497 nautis,
472 437 500 482 et
514 423 633 496 furibus,
649 445 683 482 ac
697 424 832 500 fugitivis,

164 506 241 564 luter
255 505 414 576 carnifices,
427 515 457 561 et
472 505 563 560 fabros
578 505 799 578 sandapilarum,

162 583 199 643 ht
212 585 364 659 resupinati
380 584 521 640 cessantia
534 594 668 656 tympana
681 583 767 639 Galli.

161 663 255 738 AEqua
270 663 308 719 ibi
322 663 446 734 libertas,
463 663 627 719 communia
641 661 753 736 pocula,
767 661 858 718 lectus

161 741 227 799 Non
242 743 313 798 alius
327 743 469 816 cuiquam,
484 758 539 796 nec
554 759 652 797 mensa
666 741 798 797 remotior
812 740 870 797 ulli.
907 750 910 755 '

159 821 241 882 Quid
257 820 343 878 facias
357 821 442 878 talem
457 820 580 890 sortitus,
596 819 724 890 Pontice,
738 819 872 875 servuml

159 899 273 976 Nempe
288 900 317 956 in
332 899 475 971 LucanoS,
490 909 539 955 aut
555 897 654 955 Tusca
668 897 810 972 ergastula
825 898 930 954 mittas.

160 979 201 1036 Ar
215 998 272 1050 vos,
287 977 470 1054 Trojugenae,
485 979 563 1035 vobis
576 976 731 1052 ignoscitis,
745 987 783 1047 et,
798 994 861 1050 quae

159 1057 271 1132 'l'urpia
284 1059 410 1129 cerdoni,
426 1058 544 1115 Volesos
555 1057 730 1130 Brutumque
744 1055 895 1112 decebunt.

130 1205 133 1212 .
158 1137 251 1210 Quid,
265 1137 288 1192 si
303 1155 448 1211 nunquam
463 1133 535 1194 adeo
551 1136 632 1192 soedis
646 1133 774 1210 adeoque
788 1132 930 1210 pudendis

160 1215 272 1272 Utintur
286 1215 432 1292 exemplis,
444 1229 475 1272 ut
489 1235 546 1273 non
562 1217 655 1290 pejora
670 1214 830 1289 supersintl

159 1294 343 1370 Consumptis
355 1295 456 1371 opibus
471 1313 579 1365 vocem,
594 1294 775 1369 Damasippe,
790 1291 890 1351 locasti

159 1375 280 1450 Sipario,
292 1373 448 1431 clamosum
463 1393 561 1450 ageres
577 1385 607 1430 ut
618 1373 740 1429 Phasma
754 1371 868 1429 Catulli.

159 1452 330 1512 Laureolum
346 1454 426 1510 velox
439 1453 525 1510 etiam
540 1453 613 1508 bene
627 1451 766 1508 Lentulus
780 1453 849 1527 egit,

160 1531 266 1590 Judice
281 1551 337 1603 me,
352 1532 456 1606 dignus
470 1533 535 1588 versa
549 1550 644 1587 cruce.
686 1530 751 1587 Nec
765 1543 861 1588 tamen
876 1529 929 1606 ipsi

159 1611 295 1686 Ignoscas
308 1611 411 1686 populo
423 1631 430 1680 ;
451 1610 546 1686 populi
562 1611 638 1668 frons
651 1611 746 1666 durior
762 1610 855 1686 hujus,

157 1690 219 1752 Qui
234 1692 323 1761 sedet,
338 1701 367 1747 et
377 1702 485 1766 spectat
498 1691 643 1746 triscurria
657 1689 849 1764 patrimorum,

158 1769 329 1845 Planipedes
342 1770 420 1826 audit
435 1768 548 1838 Fabios,
564 1769 655 1826 ridere
670 1778 760 1843 potest
773 1769 821 1843 qui

159 1847 372 1905 Mamercorum
388 1849 491 1924 alapas.
533 1848 645 1908 Quanti
659 1867 711 1904 sua
725 1847 826 1904 funera
839 1847 974 1918 vendant,

156 1927 238 1988 Quid
254 1927 360 1985 refertl
382 1929 507 1984 vendunt
523 1927 600 1983 nullo
614 1937 736 2001 cogente
750 1925 877 1998 Nerone,

157 2006 223 2064 Nec
237 2007 369 2064 dubitant
384 2006 453 2064 celsi
467 2007 593 2081 praetoris
607 2006 730 2062 vendere
746 2006 827 2062 ludis

156 2085 250 2160 Finge
264 2097 360 2144 tamen
375 2085 484 2163 gladios
499 2085 576 2156 inde,
591 2095 675 2159 atque
690 2085 757 2141 hinc
771 2083 878 2160 pulpita
892 2101 985 2159 pone:

134 2189 136 2196 ·
154 2164 238 2227 Quid
253 2167 361 2223 satiusl
402 2165 524 2222 Mortem
539 2165 581 2221 sic
594 2165 740 2238 quisquam
755 2163 911 2235 exhorruit,
926 2177 956 2223 ut
969 2164 1006 2222 sit

156 2245 313 2321 Zelotypus
327 2243 493 2320 Thymeles,
508 2245 612 2318 stupidi
628 2243 736 2318 collega
750 2242 901 2301 Corinthil

156 2323 218 2381 Res
232 2325 307 2382 haud
322 2325 393 2382 mira
406 2337 511 2396 tamen,
526 2324 682 2379 citharoedo
696 2322 839 2398 Principe,
852 2323 956 2380 mimus

155 2401 278 2460 Nobilis.
322 2403 394 2460 Haec
409 2403 490 2474 ultra,
505 2403 571 2478 quid
587 2402 641 2458 erit
655 2403 708 2458 nisi
723 2402 828 2459 ludosl
869 2402 907 2460 Et
920 2402 990 2460 illud

155 2481 290 2539 Dedecus
305 2481 390 2540 Urbis
404 2483 510 2540 habes:
532 2501 587 2538 nec
598 2481 775 2538 mirmillonis
786 2482 815 2538 in
830 2482 925 2554 armis,
1083 2482 1143 2540 '20⁰

155 2559 222 2618 Nec
236 2561 336 2636 clypeo
350 2562 513 2618 Gracchum
528 2571 713 2636 pugnantem,
729 2573 777 2618 aut
792 2561 864 2618 falce
878 2561 1002 2637 supin&
1063 2569 1066 2573 '

156 2639 297 2715 (Damnat
310 2642 387 2698 enim
401 2641 472 2698 tales
488 2642 615 2708 hahitus3
637 2642 687 2696 sed
702 2641 828 2711 damnat,
839 2652 868 2697 et
881 2641 954 2718 odit)

155 2717 221 2776 Nec
234 2719 316 2794 galeri
329 2720 448 2778 lrontem
463 2721 612 2776 abscondit
622 2713 743 2776 mnover
756 2739 826 2777 ecce
840 2719 1003 2792 tridentem,

156 2797 306 2872 Postquam
321 2799 422 2856 libratd
436 2799 590 2874 pendentia
604 2799 786 2856 retia-dextra

156 2875 356 2952 Nequidquam
371 2878 480 2950 effudit,
496 2879 604 2934 nudum
619 2878 654 2934 ad
669 2877 832 2952 spectaculo
846 2877 954 2934 vultum
1080 2877 1141 2935 205

155 2955 257 3032 Erigit,
272 2970 301 3014 et
315 2958 373 3014 urta
388 2957 459 3033 sugit
474 2957 672 3032 agnoscendus
687 2956 782 3012 arenti.
1213 2958 1216 2964 '

154 3035 312 3092 Credamus
326 3037 441 3106 tunicae,
456 3037 491 3093 de
507 3036 635 3092 daucibus
646 3053 730 3092 aurea
744 3053 831 3110 quum
845 3054 876 3092 se

153 3113 292 3191 Porrigat,
306 3125 335 3172 et
349 3115 434 3190 longo
444 3116 565 3190 jactetur
579 3115 653 3189 spira
666 3114 770 3188 galero.

154 3191 231 3269 Ergo
247 3194 432 3270 ignominiam
447 3195 603 3269 graviorem
617 3193 732 3268 pertulit
744 3192 823 3251 omni

154 3273 291 3344 Vulnere,
306 3292 372 3329 eum
387 3273 519 3330 Graccho
530 3272 625 3347 jussos
639 3291 766 3347 pugnare
780 3283 901 3330 secutor.
1079 3272 1140 3330 210

192 3351 295 3408 Libera
309 3353 332 3409 si
347 3353 451 3408 dentur
464 3352 567 3426 populo
581 3352 724 3425 suffragia,
740 3352 803 3425 quis
816 3363 876 3408 tam

153 3430 293 3501 Perditus,
303 3441 334 3487 ut
347 3431 458 3487 dubitet
472 3430 613 3487 Senecam
629 3431 759 3504 preferre
774 3428 900 3500 Neroni;

152 3509 243 3584 Cujus
256 3508 397 3585 supplicio
410 3529 466 3565 non
482 3509 581 3565 debuit
594 3528 652 3566 una
666 3507 757 3584 parari

152 3589 252 3661 SImia,
267 3608 322 3645 nec
336 3607 453 3664 serpens
467 3607 551 3660 unus,
566 3607 620 3644 nec
635 3588 734 3644 culeus
748 3589 842 3646 unusl

152 3666 206 3724 l'ar
220 3668 475 3742 Agamemnonidae
490 3668 614 3736 crimen;
636 3669 685 3724 sed
700 3685 787 3724 causa
801 3667 869 3724 facit
882 3685 942 3724 rem
1077 3667 1137 3724 ‘215

154 3745 334 3804 Dissimilem.
374 3747 492 3822 Quippe
508 3747 564 3817 ille,
579 3747 640 3803 deis
654 3747 826 3817 auctoribus,
840 3745 914 3804 ultor

151 3823 242 3883 Patria
255 3842 311 3885 erat
329 3827 395 3883 caesi
410 3827 504 3883 media
515 3827 588 3884 inter
602 3825 720 3901 pocula;
742 3825 791 3882 sed
807 3843 861 3882 uec
