2666 4310
183 253 204 311 Β
497 247 529 296 D.
545 246 643 295 JUNll
659 243 865 294 JUVENALlS.

186 395 245 453 Sed
266 389 378 463 melius,
391 387 468 466 qudd
482 391 522 448 nil
537 389 639 448 animis
653 390 682 449 in
697 410 815 468 corpora
825 387 898 465 juris

186 475 296 532 Natura
311 471 447 546 indulget.
488 470 605 526 Steriles
619 472 786 542 moriuntur,
799 479 828 527 et
842 468 897 526 illis

185 552 317 627 Turgida
331 569 388 608 nou
402 549 516 625 prodest
529 549 645 606 conditis
660 551 763 625 pyxide
778 549 868 624 Lyde,

186 631 251 689 Nec
265 631 380 706 prodest
394 628 460 704 agili
474 629 583 704 palmas
597 631 722 702 praebere
735 629 875 704 Luperco,
1119 625 1173 684 {ab

225 710 303 768 Vicit
316 720 345 766 et
356 710 413 765 hoc
428 720 584 764 monstrum
598 708 718 765 tunicati
733 708 844 765 fuscina
857 702 995 776 Gracchi,

186 789 382 862 Lustravitqne
396 787 464 862 sugit
478 786 600 842 mediam
614 786 751 861 gladiator
767 804 892 857 arenam,

187 868 224 925 Et
237 867 405 942 Capitolinis
418 865 591 940 generosior,
605 875 634 921 et
649 863 803 936 Marcellis,

169 961 170 964 ’
187 947 224 1005 Εῑ
237 945 358 1018 Catulis,
373 945 509 1019 Paulique
530 941 697 1017 minoribus,
711 957 740 1002 et
755 943 862 1013 Fabiis,
875 952 905 999 et

186 1025 329 1083 Omnibus
343 1025 379 1082 ad
393 1023 509 1100 podium
524 1024 725 1098 spectantibus.
768 1023 824 1080 His
838 1022 906 1079 licet
919 1020 1011 1098 ipsum

187 1105 359 1176 Admoveas,
375 1104 456 1178 cujus
470 1113 540 1158 tunc
553 1120 672 1159 munere
686 1103 756 1159 retia
771 1102 855 1159 misit

226 1182 297 1240 Esse
312 1183 416 1258 aliquid
432 1181 543 1252 Manes,
558 1191 587 1237 et
600 1181 784 1238 subterranea
797 1199 895 1256 regna,

187 1262 224 1320 Et
238 1273 364 1333 contum,
379 1273 408 1319 et
423 1260 521 1335 Stygio
534 1279 617 1316 ranas
631 1261 660 1316 in
675 1261 787 1335 gurgite
802 1261 907 1335 nigras,

187 1343 282 1416 Atque
297 1343 355 1399 unii
369 1337 487 1398 transire
502 1340 603 1395 vadum
617 1350 658 1396 tot
673 1340 760 1396 rnillia
773 1339 885 1415 cymba,

186 1419 251 1477 Nec
265 1421 344 1496 pueri
358 1420 488 1489 credunt,
503 1417 557 1473 nisi
572 1419 619 1492 qui
634 1419 759 1475 nondum
775 1437 829 1474 aere
848 1418 984 1474 lavantur.

187 1499 245 1556 Sed
260 1511 290 1556 tu
305 1519 370 1556 vera
383 1512 458 1574 puta.
490 1496 595 1552 Curius
608 1498 676 1571 quid
691 1498 785 1568 sentit,
799 1509 828 1554 et
842 1497 926 1554 ambo

187 1578 349 1654 Scipiadael
369 1577 437 1652 quid
453 1575 611 1645 Fabricius,
629 1595 780 1651 manesque
792 1575 928 1633 Camilli?

185 1657 267 1718 Quid
282 1657 424 1713 Cremerae
439 1655 523 1731 legio,
538 1666 566 1711 et
580 1654 689 1712 Cannis
703 1668 870 1730 consumpta
883 1655 1026 1730 juventus,

186 1735 245 1793 Tot
261 1735 396 1793 bellorum
411 1734 524 1804 animae,
538 1735 648 1807 quoties
662 1734 730 1790 hinc
744 1735 807 1791 talis
821 1736 856 1790 ad
872 1734 934 1790 illos

187 1813 294 1871 Umbra
309 1815 405 1871 venit?
445 1814 592 1888 Cuperent
606 1813 728 1884 lustrari,
743 1814 766 1870 si
780 1832 836 1888 qua
851 1814 985 1870 darentur

187 1893 302 1950 Sulfura
316 1913 382 1950 cum
396 1893 487 1963 taedis,
501 1902 530 1948 et
544 1891 567 1948 si
583 1891 653 1949 foret
667 1893 785 1950 humida
799 1893 902 1949 laurus.

186 1971 270 2044 Illuc,
284 1974 356 2030 heu!
379 1971 473 2029 miseri
488 1971 670 2028 traducimur.
712 1973 803 2028 Arma
815 1971 930 2047 quidem
942 1969 1015 2028 ultra

186 2051 295 2110 Littera
309 2052 443 2109 Juvernae
457 2050 658 2127 promovimus,
675 2062 703 2107 et
717 2048 802 2108 modd
817 2062 915 2124 captas

185 2130 325 2203 Orcadas,
336 2151 370 2188 ac
382 2129 500 2188 minimi
514 2140 663 2186 contentos
677 2141 760 2188 nocte
771 2130 939 2188 Britannos:

186 2211 245 2268 Sed
259 2230 322 2286 quaa
336 2229 414 2267 nunc
428 2207 524 2285 populi
538 2208 610 2264 fiunt
624 2208 738 2266 victoris
752 2209 782 2267 in
797 2209 876 2282 urbe,

187 2287 254 2346 Nou
269 2290 377 2347 faciunt
395 2288 445 2360 illi,
459 2306 530 2364 quos
543 2287 712 2344 vicimus.-

561 2606 720 2664 SATIRA
742 2605 797 2665 ΙΙΙ.

224 2763 368 2826 Quanam
383 2764 513 2840 digressu
527 2765 629 2822 veteris
643 2764 777 2822 confusus
791 2764 887 2837 amici,

187 2842 286 2900 Laudo
299 2853 405 2915 tamen,
420 2845 517 2901 vacuis
530 2842 606 2918 qudd
621 2845 718 2900 sedern
733 2843 819 2919 figere
833 2844 934 2900 Curnrs

186 2921 327 2994 Destinet,
342 2933 426 2999 atque
442 2942 530 2980 unum
545 2925 636 2980 civem
651 2923 756 2980 donare
772 2922 895 2996 Sibyllae.

186 3001 204 3058 J
207 3021 281 3058 anua
292 3001 426 3058 Baiarum
440 3014 492 3074 est,
509 3013 536 3060 et
550 3015 660 3078 gratnm
673 3003 750 3060 littus
764 3002 868 3059 amoeni

187 3080 331 3138 secessim.
374 3080 437 3157 Ego
450 3083 493 3139 vel
509 3081 677 3156 Prochytam
691 3099 824 3156 praepono
835 3081 964 3139 Suburae.

188 3159 262 3216 Nam
277 3159 344 3234 qnid
358 3171 416 3217 tam
431 3161 575 3232 miserum,
591 3173 647 3217 tam
663 3161 752 3216 solum
769 3160 899 3232 vidimus,
910 3170 942 3216 ut
955 3179 1013 3221 non

187 3239 321 3296 Deterius
332 3241 432 3296 credas
447 3241 560 3297 horrere
572 3240 714 3310 incendia,
729 3239 824 3314 lapsus

187 3317 343 3375 Tectorum
358 3318 496 3390 assiduoS,
512 3337 546 3375 ac
560 3319 636 3374 mille
650 3318 776 3393 pericula
790 3337 870 3374 saevae

188 3396 281 3467 Urbis,
296 3409 324 3453 et
339 3397 470 3472 Augusto
484 3398 637 3454 recitantes
652 3415 749 3454 mense
764 3398 883 3472 poetasl

188 3477 245 3532 Sed
257 3476 324 3532 dum
339 3485 397 3533 tota
407 3477 507 3533 domus
522 3477 611 3534 rhedai
625 3477 803 3550 componitur
818 3475 885 3546 und,

187 3555 319 3612 Substitit
333 3556 368 3611 ad
383 3567 492 3612 veteres
506 3575 588 3612 arcus
604 3556 801 3629 madidamque
816 3555 973 3630 Capenam.

189 3633 257 3706 Hic,
272 3633 320 3690 ubi
335 3645 482 3691 nocturnae
497 3635 594 3692 Numa
609 3635 800 3691 constituebat
814 3634 922 3705 amicae,

188 3713 276 3770 Nune
291 3713 364 3770 sacri
380 3713 464 3770 fontis
478 3733 580 3770 nemus
594 3727 622 3770 et
636 3713 754 3769 delubra
768 3712 896 3768 locantur

191 3791 306 3862 ludaeis,
320 3811 438 3868 quorum
453 3793 593 3868 cophinus
608 3793 770 3866 frenumque
782 3791 916 3867 supellex,
