2666 4310
202 283 221 339 4
517 281 550 330 D.
567 279 664 330 lUNll
681 277 898 330 JUVENALlS'

198 423 386 486 Quadrantes
399 421 503 482 lectica
516 424 596 500 petit,
610 425 791 501 sequiturque
805 424 938 482 maritum

203 503 361 578 languida,
378 502 418 560 vel
434 523 594 580 praegnans,
608 517 637 562 et
649 504 874 576 circumducitur
888 522 967 564 uxor.

204 581 261 638 llic
275 581 344 657 petit
358 581 478 654 absenti,
493 583 562 641 nutri
573 582 631 658 jam
643 583 762 640 callidus
775 594 845 654 arte,

201 660 367 718 Ostendens
382 680 499 718 vacuam
514 673 543 719 et
556 661 682 719 clausam
697 681 747 738 pro
760 661 845 738 conju
866 661 1000 720 esellaru

201 739 285 797 fialla
298 757 361 796 mea
375 752 428 811 est,
443 740 541 816 iuquit.
583 740 678 799 Citius
691 742 810 798 dimitte.
885 741 997 798 oraris’

206 817 312 890 Profer,
326 818 420 890 Galla,
435 832 528 896 caput.
570 819 638 878 Noli
653 839 769 888 vexare3
791 819 922 894 quiescit.

243 895 308 972 Ipse
321 897 384 954 dies
397 897 516 974 pulchro
530 899 712 974 distinguitur
725 899 826 956 ordine
840 917 934 956 rerum
947 919 954 956 ε

208 974 346 1051 Sportula,
362 977 466 1034 deinde
482 977 583 1049 forum,
595 978 722 1055 jurisque
736 978 843 1054 peritus
858 978 972 1053 Apollo,

209 1055 299 1131 Atque
313 1055 507 1132 triumphales,
524 1057 596 1114 inter
610 1077 680 1132 quas
693 1075 780 1114 ausus
794 1056 897 1114 habere

207 1132 312 1192 Nescio
324 1135 387 1210 quis
400 1136 496 1193 titulos
510 1136 662 1212 AEgyptiue
675 1148 759 1212 atque
774 1135 1004 1192 Arabarches--

208 1212 360 1271 Vestibulis
373 1214 479 1272 abeunt
493 1228 601 1272 veteres
616 1216 735 1291 lassique
749 1215 878 1286 clientes,

209 1291 334 1367 Votaque
348 1294 503 1369 deponunt,
517 1313 676 1370 quanquam
691 1294 855 1370 longissima
868 1311 959 1350 coene

207 1370 277 1446 Spes
292 1372 408 1430 homini.
449 1372 555 1430 Cautes
569 1374 679 1431 miseris
692 1385 776 1448 atque
791 1371 865 1449 ignis
878 1372 1025 1432 emendus.

205 1450 325 1526 Optima
338 1451 471 1509 silvarum
487 1452 594 1510 interea
607 1453 756 1529 pelagique
770 1451 877 1510 vorabit

208 1529 272 1586 Rex
286 1531 396 1602 horum,
411 1531 563 1606 vacuisque
577 1533 644 1589 toris
657 1529 768 1590 tantum
783 1531 842 1608 ipse
853 1529 967 1606 jacebit.

207 1608 283 1666 Nam
297 1610 333 1666 de
347 1619 388 1667 tot
401 1609 537 1685 pulchris,
551 1623 580 1668 et
593 1611 657 1668 latis
671 1611 798 1682 orbibus,
816 1622 844 1667 et
858 1620 915 1666 tam

208 1687 351 1763 Antiquis,
366 1690 424 1747 uult
439 1691 593 1748 comedunt
606 1690 776 1766 patrimonia
789 1687 898 1746 mensal.

207 1765 310 1823 Nullus
320 1767 380 1844 jam
395 1769 533 1844 parasitus
546 1769 615 1827 erit!
638 1769 695 1827 Sed
710 1769 773 1844 quis
788 1769 858 1826 ferat
872 1767 939 1824 istas

210 1845 340 1904 luxurie
354 1847 471 1905 sordesl
510 1847 630 1909 Quanta
643 1859 685 1905 est
699 1849 775 1924 gula,
789 1865 852 1923 quae
866 1846 919 1903 sibi
934 1856 1007 1906 totos

207 1925 289 1983 r'onit
303 1945 394 2002 apros,
409 1927 512 1984 animal
527 1939 640 2003 propter
654 1927 784 1984 convivia
797 1926 911 1984 uatum!

207 2005 293 2062 Poeua
307 2018 402 2062 tamen
414 2026 548 2082 praesens,
563 2025 650 2082 quum
666 2019 697 2063 tu
711 2007 830 2084 deponis
843 2004 964 2062 amictus

212 2081 362 2161 l'urgidus,
378 2097 407 2142 et
420 2087 539 2142 crudum
555 2105 692 2162 pavonem
715 2085 744 2142 in
760 2085 860 2143 balnea
874 2094 975 2158 portus.

207 2162 284 2222 Hinc
298 2165 397 2221 subite
412 2177 525 2236 mortes,
541 2176 624 2240 atque
636 2166 768 2222 intestata
782 2173 924 2222 senectus

206 2242 231 2300 lt
245 2262 328 2314 nova,
343 2262 398 2300 nec·
412 2245 508 2314 tristis,
522 2263 572 2319 per
586 2256 705 2301 cunctas
716 2244 810 2300 fabula
824 2259 937 2300 coeuas:

206 2321 326 2379 Ducitur
341 2322 418 2379 iratis
431 2323 622 2398 plaudendum
640 2323 724 2379 funus
737 2323 845 2380 amicis.

244 2400 293 2458 Nil
308 2403 362 2458 erit
375 2401 502 2473 ulterius,
516 2402 590 2477 quod
606 2402 709 2458 nostris
723 2402 848 2459 moribus
863 2398 948 2459 addat

204 2478 371 2537 Posteritas:
392 2480 492 2538 eadem
508 2481 625 2556 cupient
640 2481 800 2556 facientque
816 2481 949 2539 minores.

203 2559 299 2616 Omne
313 2559 342 2616 in
354 2559 490 2635 praecipiti
506 2561 604 2618 vitium
619 2561 705 2617 stetit.
748 2560 833 2618 Utere
849 2562 935 2628 veliin

203 2637 295 2696 Totos
308 2639 401 2714 pande
414 2639 503 2696 sinus.
545 2639 634 2696 Dicas
648 2639 696 2695 hic
711 2640 836 2711 forsitan,
851 2642 928 2698 unde

203 2716 356 2794 Ingenium
371 2737 421 2793 par
433 2719 579 2776 material
601 2719 677 2776 unde
692 2718 739 2775 illa
753 2719 877 2794 priorum

203 2796 354 2854 scribendi
368 2797 558 2873 quodcunque
571 2799 666 2855 animo
681 2796 818 2873 flagrante
833 2798 933 2856 liberet

203 2875 387 2951 Simplicitas,
402 2876 485 2954 cujus
499 2897 557 2934 non
572 2877 664 2935 audeo
678 2877 774 2933 dicere
788 2877 916 2934 nomeul

200 2954 282 3016 Quid
297 2956 382 3012 refert
397 2956 480 3013 dictis
495 2956 625 3032 ignoscat
639 2955 765 3026 Mucius,
779 2975 816 3011 au
831 2957 909 3014 nonl

202 3034 280 3092 Pone
294 3034 491 3111 Tigellinum:
512 3036 588 3092 taeda
603 3035 712 3091 lucebis
727 3035 756 3091 iu
771 3035 829 3106 illrl,

199 3113 270 3174 Qut
284 3125 391 3172 stantes
404 3115 514 3186 ardent,
528 3115 577 3188 qui
592 3114 647 3170 fixo
660 3126 774 3189 gutture
788 3113 908 3186 fumant,

201 3191 238 3250 Et
251 3193 338 3249 latum
354 3194 448 3250 medin
459 3195 570 3250 sulcum
587 3193 699 3250 diducis
710 3192 806 3249 arenul.

199 3270 261 3332 Qui
275 3272 354 3329 dedit
367 3291 435 3348 ergo
449 3272 540 3329 tribus
554 3271 661 3347 patruis
675 3271 797 3341 aconita,
812 3271 930 3328 vehatur

201 3349 361 3408 Pensilibus
374 3351 488 3426 plumis,
502 3365 587 3426 atque
602 3350 682 3407 illinc
696 3349 835 3424 despiciat
848 3349 920 3405 uosl

199 3427 410 3490 Quumueniet
422 3428 532 3501 contrd,
547 3429 637 3504 digito
651 3447 800 3503 compesce
814 3426 966 3485 labellum:

199 3508 359 3568 Accusator
373 3509 437 3580 erit,
451 3510 498 3584 qui
516 3508 633 3566 verbum
648 3506 759 3576 dixerit,
774 3507 821 3564 hic
834 3516 885 3562 ert.

199 3587 326 3644 Securus
339 3587 408 3645 licet
422 3588 535 3645 AEnean
552 3585 750 3659 Rutulumque
766 3584 887 3642 ferocem

199 3664 385 3724 Committas:
408 3667 477 3724 nulli
492 3667 586 3742 gravis
599 3675 642 3722 est
656 3680 807 3738 percussus
821 3661 962 3734 Achilles,

199 3744 258 3802 Aut
273 3743 395 3804 multum
409 3746 544 3820 quesitus
558 3743 649 3817 Hylas
664 3759 819 3815 urnamque
833 3751 958 3798 secutus.

200 3821 276 3882 Ense
291 3825 368 3884 velut
381 3823 481 3883 stricto
494 3823 605 3899 quoties
619 3820 748 3878 Lucilius
763 3820 867 3878 ardens
