<?xml version="1.0" encoding="UTF-8"?>
<!DOCTYPE html PUBLIC "-//W3C//DTD XHTML 1.0 Transitional//EN"
    "http://www.w3.org/TR/xhtml1/DTD/xhtml1-transitional.dtd">
<html xmlns="http://www.w3.org/1999/xhtml" xml:lang="en" lang="en">
 <head>
  <title>
</title>
<meta http-equiv="Content-Type" content="text/html;charset=utf-8" />
  <meta name='ocr-system' content='tesseract 3.04.00' />
  <meta name='ocr-capabilities' content='ocr_page ocr_carea ocr_par ocr_line ocrx_word'/>
</head>
<body>
  <div class='ocr_page' id='page_1' title='image "./decimijuniijuve01persgoog_0038.png"; bbox 0 0 2666 4310; ppageno 0'>
   <div class='ocr_carea' id='block_1_1' title="bbox 525 301 713 349">
    <p class='ocr_par' dir='ltr' id='par_1_1' title="bbox 525 301 713 349">
     <span class='ocr_line' id='line_1_1' title="bbox 525 301 713 349; baseline 0 -1"><span class='ocrx_word' id='word_1_1' title='bbox 525 301 649 349; x_wconf 70' lang='lat' dir='ltr'>semna</span> <span class='ocrx_word' id='word_1_2' title='bbox 667 301 713 348; x_wconf 86' lang='lat' dir='ltr'>Vl.</span> 
     </span>
    </p>
   </div>
   <div class='ocr_carea' id='block_1_2' title="bbox 82 443 1182 3586">
    <p class='ocr_par' dir='ltr' id='par_1_2' title="bbox 122 443 1116 2108">
     <span class='ocr_line' id='line_1_2' title="bbox 122 443 884 519; baseline 0.001 -19"><span class='ocrx_word' id='word_1_3' title='bbox 122 448 222 507; x_wconf 62' lang='lat' dir='ltr'>(mem</span> <span class='ocrx_word' id='word_1_4' title='bbox 237 455 319 502; x_wconf 88' lang='lat' dir='ltr'>cavat</span> <span class='ocrx_word' id='word_1_5' title='bbox 332 443 454 502; x_wconf 79' lang='lat' dir='ltr'>assiduis</span> <span class='ocrx_word' id='word_1_6' title='bbox 469 445 598 515; x_wconf 90' lang='lat' dir='ltr'>sudibus,</span> <span class='ocrx_word' id='word_1_7' title='bbox 610 456 746 519; x_wconf 89' lang='lat' dir='ltr'>scutoque</span> <span class='ocrx_word' id='word_1_8' title='bbox 761 443 884 515; x_wconf 83' lang='lat' dir='ltr'>lacessit,</span> 
     </span>
     <span class='ocr_line' id='line_1_3' title="bbox 129 523 915 600; baseline -0.003 -20"><span class='ocrx_word' id='word_1_9' title='bbox 129 525 221 600; x_wconf 77' lang='lat' dir='ltr'>Atque</span> <span class='ocrx_word' id='word_1_10' title='bbox 235 543 335 581; x_wconf 92' lang='lat' dir='ltr'>omnes</span> <span class='ocrx_word' id='word_1_11' title='bbox 349 523 447 600; x_wconf 82' lang='lat' dir='ltr'>implet</span> <span class='ocrx_word' id='word_1_12' title='bbox 461 543 605 594; x_wconf 88' lang='lat' dir='ltr'>numeros,</span> <span class='ocrx_word' id='word_1_13' title='bbox 620 523 787 597; x_wconf 81' lang='lat' dir='ltr'>dignissima</span> <span class='ocrx_word' id='word_1_14' title='bbox 801 543 915 599; x_wconf 88' lang='lat' dir='ltr'>prorsus</span> 
     </span>
     <span class='ocr_line' id='line_1_4' title="bbox 127 601 782 680; baseline -0.002 -21"><span class='ocrx_word' id='word_1_15' title='bbox 127 603 231 661; x_wconf 79' lang='lat' dir='ltr'>Florali</span> <span class='ocrx_word' id='word_1_16' title='bbox 246 616 375 660; x_wconf 87' lang='lat' dir='ltr'>matrona</span> <span class='ocrx_word' id='word_1_17' title='bbox 389 601 474 680; x_wconf 60' lang='lat' dir='ltr'>Q?</span> <span class='ocrx_word' id='word_1_18' title='bbox 497 603 550 659; x_wconf 88' lang='lat' dir='ltr'>nisi</span> <span class='ocrx_word' id='word_1_19' title='bbox 567 603 672 677; x_wconf 84' lang='lat' dir='ltr'>siquid</span> <span class='ocrx_word' id='word_1_20' title='bbox 689 603 717 658; x_wconf 92' lang='lat' dir='ltr'>in</span> <span class='ocrx_word' id='word_1_21' title='bbox 734 602 782 659; x_wconf 90' lang='lat' dir='ltr'>illo</span> 
     </span>
     <span class='ocr_line' id='line_1_5' title="bbox 127 681 820 757; baseline 0 -19"><span class='ocrx_word' id='word_1_22' title='bbox 127 682 245 740; x_wconf 79' lang='lat' dir='ltr'>Pectore</span> <span class='ocrx_word' id='word_1_23' title='bbox 257 681 319 757; x_wconf 93' lang='lat' dir='ltr'>plus</span> <span class='ocrx_word' id='word_1_24' title='bbox 335 682 432 756; x_wconf 82' lang='lat' dir='ltr'>agitat,</span> <span class='ocrx_word' id='word_1_25' title='bbox 447 701 574 755; x_wconf 84' lang='lat' dir='ltr'>veraeque</span> <span class='ocrx_word' id='word_1_26' title='bbox 590 694 703 757; x_wconf 88' lang='lat' dir='ltr'>paratur</span> <span class='ocrx_word' id='word_1_27' title='bbox 718 699 820 738; x_wconf 83' lang='lat' dir='ltr'>arenae.</span> 
     </span>
     <span class='ocr_line' id='line_1_6' title="bbox 125 760 875 836; baseline 0.001 -20"><span class='ocrx_word' id='word_1_28' title='bbox 125 762 223 823; x_wconf 77' lang='lat' dir='ltr'>Quem</span> <span class='ocrx_word' id='word_1_29' title='bbox 238 773 371 836; x_wconf 78' lang='lat' dir='ltr'>praestare</span> <span class='ocrx_word' id='word_1_30' title='bbox 382 771 474 836; x_wconf 88' lang='lat' dir='ltr'>potest</span> <span class='ocrx_word' id='word_1_31' title='bbox 489 760 589 817; x_wconf 90' lang='lat' dir='ltr'>mulier</span> <span class='ocrx_word' id='word_1_32' title='bbox 604 761 715 835; x_wconf 86' lang='lat' dir='ltr'>galeata</span> <span class='ocrx_word' id='word_1_33' title='bbox 729 761 875 836; x_wconf 89' lang='lat' dir='ltr'>pudorem,</span> 
     </span>
     <span class='ocr_line' id='line_1_7' title="bbox 125 839 916 915; baseline -0.004 -14"><span class='ocrx_word' id='word_1_34' title='bbox 125 839 203 901; x_wconf 78' lang='lat' dir='ltr'>Quae</span> <span class='ocrx_word' id='word_1_35' title='bbox 218 839 290 915; x_wconf 84' lang='lat' dir='ltr'>sugit</span> <span class='ocrx_word' id='word_1_36' title='bbox 303 859 320 896; x_wconf 91' lang='lat' dir='ltr'>a</span> <span class='ocrx_word' id='word_1_37' title='bbox 333 841 425 896; x_wconf 84' lang='lat' dir='ltr'>sexul</span> <span class='ocrx_word' id='word_1_38' title='bbox 446 839 519 896; x_wconf 90' lang='lat' dir='ltr'>vires</span> <span class='ocrx_word' id='word_1_39' title='bbox 533 851 615 896; x_wconf 88' lang='lat' dir='ltr'>amat.</span> <span class='ocrx_word' id='word_1_40' title='bbox 658 839 731 895; x_wconf 86' lang='lat' dir='ltr'>Haec</span> <span class='ocrx_word' id='word_1_41' title='bbox 745 851 840 896; x_wconf 87' lang='lat' dir='ltr'>tamen</span> <span class='ocrx_word' id='word_1_42' title='bbox 856 841 916 915; x_wconf 86' lang='lat' dir='ltr'>ipsa</span> 
     </span>
     <span class='ocr_line' id='line_1_8' title="bbox 129 918 882 994; baseline 0.001 -18"><span class='ocrx_word' id='word_1_43' title='bbox 129 919 178 977; x_wconf 86' lang='lat' dir='ltr'>Vir</span> <span class='ocrx_word' id='word_1_44' title='bbox 193 918 280 976; x_wconf 91' lang='lat' dir='ltr'>nollet</span> <span class='ocrx_word' id='word_1_45' title='bbox 294 918 368 986; x_wconf 63' lang='lat' dir='ltr'>lieri:</span> <span class='ocrx_word' id='word_1_46' title='bbox 390 937 457 975; x_wconf 90' lang='lat' dir='ltr'>nam</span> <span class='ocrx_word' id='word_1_47' title='bbox 471 918 609 993; x_wconf 85' lang='lat' dir='ltr'>quantula</span> <span class='ocrx_word' id='word_1_48' title='bbox 623 930 719 974; x_wconf 87' lang='lat' dir='ltr'>nostra</span> <span class='ocrx_word' id='word_1_49' title='bbox 733 919 882 994; x_wconf 79' lang='lat' dir='ltr'>voluptaal</span> 
     </span>
     <span class='ocr_line' id='line_1_9' title="bbox 125 997 819 1072; baseline -0.009 -12"><span class='ocrx_word' id='word_1_50' title='bbox 125 997 223 1060; x_wconf 80' lang='lat' dir='ltr'>Quale</span> <span class='ocrx_word' id='word_1_51' title='bbox 237 998 326 1054; x_wconf 91' lang='lat' dir='ltr'>decus</span> <span class='ocrx_word' id='word_1_52' title='bbox 340 1015 444 1068; x_wconf 89' lang='lat' dir='ltr'>rerum,</span> <span class='ocrx_word' id='word_1_53' title='bbox 459 997 482 1054; x_wconf 91' lang='lat' dir='ltr'>si</span> <span class='ocrx_word' id='word_1_54' title='bbox 497 997 627 1072; x_wconf 86' lang='lat' dir='ltr'>conjugis</span> <span class='ocrx_word' id='word_1_55' title='bbox 642 997 737 1054; x_wconf 91' lang='lat' dir='ltr'>auctio</span> <span class='ocrx_word' id='word_1_56' title='bbox 751 997 819 1054; x_wconf 85' lang='lat' dir='ltr'>liatl</span> 
     </span>
     <span class='ocr_line' id='line_1_10' title="bbox 127 1075 883 1151; baseline 0 -17"><span class='ocrx_word' id='word_1_57' title='bbox 127 1076 253 1148; x_wconf 83' lang='lat' dir='ltr'>Balteus,</span> <span class='ocrx_word' id='word_1_58' title='bbox 268 1087 297 1134; x_wconf 92' lang='lat' dir='ltr'>et</span> <span class='ocrx_word' id='word_1_59' title='bbox 310 1076 441 1148; x_wconf 69' lang='lat' dir='ltr'>manica,</span> <span class='ocrx_word' id='word_1_60' title='bbox 456 1085 485 1133; x_wconf 92' lang='lat' dir='ltr'>et</span> <span class='ocrx_word' id='word_1_61' title='bbox 498 1075 602 1146; x_wconf 85' lang='lat' dir='ltr'>cristae,</span> <span class='ocrx_word' id='word_1_62' title='bbox 616 1077 762 1151; x_wconf 89' lang='lat' dir='ltr'>crurisque</span> <span class='ocrx_word' id='word_1_63' title='bbox 776 1075 883 1134; x_wconf 83' lang='lat' dir='ltr'>sinistri</span> 
     </span>
     <span class='ocr_line' id='line_1_11' title="bbox 127 1154 975 1231; baseline 0 -18"><span class='ocrx_word' id='word_1_64' title='bbox 127 1155 286 1213; x_wconf 89' lang='lat' dir='ltr'>Dimidium</span> <span class='ocrx_word' id='word_1_65' title='bbox 301 1156 446 1230; x_wconf 86' lang='lat' dir='ltr'>tegimen;</span> <span class='ocrx_word' id='word_1_66' title='bbox 468 1154 521 1227; x_wconf 85' lang='lat' dir='ltr'>vel,</span> <span class='ocrx_word' id='word_1_67' title='bbox 536 1155 559 1212; x_wconf 88' lang='lat' dir='ltr'>si</span> <span class='ocrx_word' id='word_1_68' title='bbox 575 1154 686 1212; x_wconf 89' lang='lat' dir='ltr'>diversa</span> <span class='ocrx_word' id='word_1_69' title='bbox 700 1155 824 1214; x_wconf 85' lang='lat' dir='ltr'>movebit</span> <span class='ocrx_word' id='word_1_70' title='bbox 953 1197 975 1231; x_wconf 40' lang='lat' dir='ltr'>„s</span> 
     </span>
     <span class='ocr_line' id='line_1_12' title="bbox 129 1205 1037 1310; baseline -0.007 -18"><span class='ocrx_word' id='word_1_71' title='bbox 129 1234 242 1307; x_wconf 83' lang='lat' dir='ltr'>Proelia,</span> <span class='ocrx_word' id='word_1_72' title='bbox 257 1248 287 1292; x_wconf 91' lang='lat' dir='ltr'>tu</span> <span class='ocrx_word' id='word_1_73' title='bbox 303 1235 381 1306; x_wconf 83' lang='lat' dir='ltr'>felix,</span> <span class='ocrx_word' id='word_1_74' title='bbox 394 1253 494 1292; x_wconf 87' lang='lat' dir='ltr'>ocreas</span> <span class='ocrx_word' id='word_1_75' title='bbox 508 1234 649 1292; x_wconf 89' lang='lat' dir='ltr'>vendente</span> <span class='ocrx_word' id='word_1_76' title='bbox 662 1233 767 1310; x_wconf 74' lang='lat' dir='ltr'>puella.</span> <span class='ocrx_word' id='word_1_77' title='bbox 803 1205 906 1282; x_wconf 64' lang='grc' dir='ltr'>Ᾰίιιι</span> <span class='ocrx_word' id='word_1_78' title='bbox 957 1264 963 1276; x_wconf 78' lang='lat'>=</span> <span class='ocrx_word' id='word_1_79' title='bbox 980 1257 1037 1286; x_wconf 53' lang='lat' dir='ltr'>ma</span> 
     </span>
     <span class='ocr_line' id='line_1_13' title="bbox 130 1313 883 1389; baseline 0 -19"><span class='ocrx_word' id='word_1_80' title='bbox 130 1313 185 1370; x_wconf 73' lang='lat' dir='ltr'>Hae</span> <span class='ocrx_word' id='word_1_81' title='bbox 199 1325 276 1385; x_wconf 90' lang='lat' dir='ltr'>sunt,</span> <span class='ocrx_word' id='word_1_82' title='bbox 289 1331 353 1389; x_wconf 71' lang='lat' dir='ltr'>quaa</span> <span class='ocrx_word' id='word_1_83' title='bbox 368 1313 447 1370; x_wconf 88' lang='lat' dir='ltr'>tenui</span> <span class='ocrx_word' id='word_1_84' title='bbox 461 1313 565 1370; x_wconf 88' lang='lat' dir='ltr'>sudant</span> <span class='ocrx_word' id='word_1_85' title='bbox 579 1313 608 1370; x_wconf 92' lang='lat' dir='ltr'>in</span> <span class='ocrx_word' id='word_1_86' title='bbox 623 1313 750 1388; x_wconf 84' lang='lat' dir='ltr'>cyclade,</span> <span class='ocrx_word' id='word_1_87' title='bbox 764 1331 883 1388; x_wconf 88' lang='lat' dir='ltr'>quarum</span> 
     </span>
     <span class='ocr_line' id='line_1_14' title="bbox 131 1391 1025 1468; baseline -0.001 -18"><span class='ocrx_word' id='word_1_88' title='bbox 131 1391 257 1450; x_wconf 83' lang='lat' dir='ltr'>Delicias</span> <span class='ocrx_word' id='word_1_89' title='bbox 270 1404 299 1450; x_wconf 90' lang='lat' dir='ltr'>et</span> <span class='ocrx_word' id='word_1_90' title='bbox 312 1391 484 1468; x_wconf 79' lang='lat' dir='ltr'>panniculus</span> <span class='ocrx_word' id='word_1_91' title='bbox 499 1392 685 1466; x_wconf 83' lang='lat' dir='ltr'>bombycinus</span> <span class='ocrx_word' id='word_1_92' title='bbox 700 1391 764 1450; x_wconf 93' lang='lat' dir='ltr'>urit.</span> <span class='ocrx_word' id='word_1_93' title='bbox 862 1411 876 1428; x_wconf 50' lang='lat'><em>³</em></span> <span class='ocrx_word' id='word_1_94' title='bbox 893 1417 898 1430; x_wconf 71' lang='lat'>¹</span> <span class='ocrx_word' id='word_1_95' title='bbox 918 1409 921 1421; x_wconf 81' lang='lat'><strong><em>¹</em></strong></span> <span class='ocrx_word' id='word_1_96' title='bbox 1018 1398 1025 1416; x_wconf 60' lang='lat'>⁸</span> 
     </span>
     <span class='ocr_line' id='line_1_15' title="bbox 128 1470 877 1548; baseline -0.003 -18"><span class='ocrx_word' id='word_1_97' title='bbox 128 1472 265 1548; x_wconf 82' lang='lat' dir='ltr'>Adspice,</span> <span class='ocrx_word' id='word_1_98' title='bbox 279 1491 335 1548; x_wconf 92' lang='lat' dir='ltr'>quo</span> <span class='ocrx_word' id='word_1_99' title='bbox 350 1471 461 1528; x_wconf 81' lang='lat' dir='ltr'>fremitu</span> <span class='ocrx_word' id='word_1_100' title='bbox 476 1483 643 1529; x_wconf 85' lang='lat' dir='ltr'>monstratos</span> <span class='ocrx_word' id='word_1_101' title='bbox 657 1471 779 1546; x_wconf 82' lang='lat' dir='ltr'>perferat</span> <span class='ocrx_word' id='word_1_102' title='bbox 793 1470 877 1543; x_wconf 90' lang='lat' dir='ltr'>ictus,</span> 
     </span>
     <span class='ocr_line' id='line_1_16' title="bbox 128 1549 1115 1628; baseline 0.001 -20"><span class='ocrx_word' id='word_1_103' title='bbox 128 1551 165 1610; x_wconf 85' lang='lat' dir='ltr'>Et</span> <span class='ocrx_word' id='word_1_104' title='bbox 178 1564 283 1627; x_wconf 93' lang='lat' dir='ltr'>quanto</span> <span class='ocrx_word' id='word_1_105' title='bbox 295 1549 384 1628; x_wconf 83' lang='lat' dir='ltr'>galeae</span> <span class='ocrx_word' id='word_1_106' title='bbox 398 1562 531 1607; x_wconf 89' lang='lat' dir='ltr'>curvetur</span> <span class='ocrx_word' id='word_1_107' title='bbox 546 1551 680 1626; x_wconf 91' lang='lat' dir='ltr'>pondere,</span> <span class='ocrx_word' id='word_1_108' title='bbox 695 1563 801 1625; x_wconf 86' lang='lat' dir='ltr'>quanta</span> <span class='ocrx_word' id='word_1_109' title='bbox 829 1572 916 1607; x_wconf 42' lang='lat' dir='ltr'>aaa</span> <span class='ocrx_word' id='word_1_110' title='bbox 1055 1553 1115 1609; x_wconf 74' lang='lat'>215</span> 
     </span>
     <span class='ocr_line' id='line_1_17' title="bbox 127 1627 1055 1706; baseline -0.002 -18"><span class='ocrx_word' id='word_1_111' title='bbox 127 1629 285 1706; x_wconf 89' lang='lat' dir='ltr'>Poplitibus</span> <span class='ocrx_word' id='word_1_112' title='bbox 298 1629 404 1699; x_wconf 87' lang='lat' dir='ltr'>sedeat,</span> <span class='ocrx_word' id='word_1_113' title='bbox 419 1627 505 1704; x_wconf 71' lang='lat' dir='ltr'>quarn</span> <span class='ocrx_word' id='word_1_114' title='bbox 519 1629 607 1686; x_wconf 89' lang='lat' dir='ltr'>denso</span> <span class='ocrx_word' id='word_1_115' title='bbox 622 1629 709 1688; x_wconf 83' lang='lat' dir='ltr'>fascia</span> <span class='ocrx_word' id='word_1_116' title='bbox 723 1629 804 1701; x_wconf 89' lang='lat' dir='ltr'>libro,</span> <span class='ocrx_word' id='word_1_117' title='bbox 854 1631 903 1692; x_wconf 62' lang='lat' dir='ltr'>Aa</span> <span class='ocrx_word' id='word_1_118' title='bbox 916 1657 965 1694; x_wconf 62' lang='lat' dir='ltr'>aar</span> <span class='ocrx_word' id='word_1_119' title='bbox 979 1656 992 1684; x_wconf 75' lang='lat' dir='ltr'>c.</span> <span class='ocrx_word' id='word_1_120' title='bbox 1007 1631 1055 1686; x_wconf 67' lang='lat' dir='ltr'>lu-</span> 
     </span>
     <span class='ocr_line' id='line_1_18' title="bbox 128 1688 1067 1786; baseline -0.003 -19"><span class='ocrx_word' id='word_1_121' title='bbox 128 1709 165 1767; x_wconf 79' lang='lat' dir='ltr'>Et</span> <span class='ocrx_word' id='word_1_122' title='bbox 179 1710 250 1782; x_wconf 87' lang='lat' dir='ltr'>ride,</span> <span class='ocrx_word' id='word_1_123' title='bbox 265 1699 412 1784; x_wconf 77' lang='lat' dir='ltr'>scapliiirm</span> <span class='ocrx_word' id='word_1_124' title='bbox 426 1708 525 1786; x_wconf 91' lang='lat' dir='ltr'>positis</span> <span class='ocrx_word' id='word_1_125' title='bbox 539 1727 625 1784; x_wconf 92' lang='lat' dir='ltr'>quum</span> <span class='ocrx_word' id='word_1_126' title='bbox 640 1707 761 1764; x_wconf 84' lang='lat' dir='ltr'>sumitur</span> <span class='ocrx_word' id='word_1_127' title='bbox 775 1708 869 1765; x_wconf 89' lang='lat' dir='ltr'>armis.</span> <span class='ocrx_word' id='word_1_128' title='bbox 1058 1688 1067 1720; x_wconf 59' lang='lat'>⁴</span> 
     </span>
     <span class='ocr_line' id='line_1_19' title="bbox 127 1787 795 1864; baseline -0.003 -18"><span class='ocrx_word' id='word_1_129' title='bbox 127 1788 225 1847; x_wconf 87' lang='lat' dir='ltr'>Dicite</span> <span class='ocrx_word' id='word_1_130' title='bbox 238 1808 297 1859; x_wconf 86' lang='lat' dir='ltr'>vos,</span> <span class='ocrx_word' id='word_1_131' title='bbox 312 1802 412 1864; x_wconf 89' lang='lat' dir='ltr'>neptes</span> <span class='ocrx_word' id='word_1_132' title='bbox 426 1787 795 1862; x_wconf 57' lang='lat' dir='ltr'>Lepidiacaecivelllletelli,</span> 
     </span>
     <span class='ocr_line' id='line_1_20' title="bbox 127 1865 902 1944; baseline -0.003 -19"><span class='ocrx_word' id='word_1_133' title='bbox 127 1867 257 1944; x_wconf 81' lang='lat' dir='ltr'>Gurgitis</span> <span class='ocrx_word' id='word_1_134' title='bbox 271 1880 320 1924; x_wconf 90' lang='lat' dir='ltr'>aut</span> <span class='ocrx_word' id='word_1_135' title='bbox 335 1865 428 1938; x_wconf 80' lang='lat' dir='ltr'>Fabii,</span> <span class='ocrx_word' id='word_1_136' title='bbox 442 1885 504 1942; x_wconf 82' lang='lat' dir='ltr'>quae</span> <span class='ocrx_word' id='word_1_137' title='bbox 519 1866 597 1923; x_wconf 86' lang='lat' dir='ltr'>ludia</span> <span class='ocrx_word' id='word_1_138' title='bbox 611 1867 763 1941; x_wconf 86' lang='lat' dir='ltr'>sumpserit</span> <span class='ocrx_word' id='word_1_139' title='bbox 777 1885 902 1942; x_wconf 85' lang='lat' dir='ltr'>unquam</span> 
     </span>
     <span class='ocr_line' id='line_1_21' title="bbox 128 1945 1116 2022; baseline 0.001 -18"><span class='ocrx_word' id='word_1_140' title='bbox 128 1946 191 2004; x_wconf 88' lang='lat' dir='ltr'>Hos</span> <span class='ocrx_word' id='word_1_141' title='bbox 206 1946 340 2004; x_wconf 85' lang='lat' dir='ltr'>babitusl</span> <span class='ocrx_word' id='word_1_142' title='bbox 361 1946 474 2022; x_wconf 87' lang='lat' dir='ltr'>quando</span> <span class='ocrx_word' id='word_1_143' title='bbox 490 1947 525 2001; x_wconf 87' lang='lat' dir='ltr'>ad</span> <span class='ocrx_word' id='word_1_144' title='bbox 540 1945 636 2021; x_wconf 91' lang='lat' dir='ltr'>palum</span> <span class='ocrx_word' id='word_1_145' title='bbox 651 1959 747 2021; x_wconf 87' lang='lat' dir='ltr'>gemat</span> <span class='ocrx_word' id='word_1_146' title='bbox 762 1965 830 2002; x_wconf 87' lang='lat' dir='ltr'>uxor</span> <span class='ocrx_word' id='word_1_147' title='bbox 852 1945 956 2022; x_wconf 80' lang='lat' dir='ltr'>Asylil</span> <span class='ocrx_word' id='word_1_148' title='bbox 1055 1947 1116 2005; x_wconf 86' lang='grc'>220</span> 
     </span>
     <span class='ocr_line' id='line_1_22' title="bbox 168 2024 1097 2108; baseline -0.004 -24"><span class='ocrx_word' id='word_1_149' title='bbox 168 2027 287 2103; x_wconf 86' lang='lat' dir='ltr'>Semper</span> <span class='ocrx_word' id='word_1_150' title='bbox 300 2025 386 2083; x_wconf 87' lang='lat' dir='ltr'>habet</span> <span class='ocrx_word' id='word_1_151' title='bbox 400 2025 464 2082; x_wconf 87' lang='lat' dir='ltr'>lites</span> <span class='ocrx_word' id='word_1_152' title='bbox 478 2024 643 2099; x_wconf 77' lang='lat' dir='ltr'>alternaque</span> <span class='ocrx_word' id='word_1_153' title='bbox 654 2025 749 2100; x_wconf 86' lang='lat' dir='ltr'>jurgia</span> <span class='ocrx_word' id='word_1_154' title='bbox 763 2025 900 2096; x_wconf 73' lang='lat' dir='ltr'>lectus,·‘</span> <span class='ocrx_word' id='word_1_155' title='bbox 1087 2093 1097 2108; x_wconf 28' lang='lat' dir='ltr'>f</span> 
     </span>
    </p>

    <p class='ocr_par' dir='ltr' id='par_1_3' title="bbox 82 2101 1182 3486">
     <span class='ocr_line' id='line_1_23' title="bbox 128 2101 1127 2182; baseline -0.001 -19"><span class='ocrx_word' id='word_1_156' title='bbox 128 2104 163 2163; x_wconf 93' lang='lat' dir='ltr'>ln</span> <span class='ocrx_word' id='word_1_157' title='bbox 177 2117 332 2182; x_wconf 87' lang='lat' dir='ltr'>quonupta</span> <span class='ocrx_word' id='word_1_158' title='bbox 343 2104 437 2182; x_wconf 86' lang='lat' dir='ltr'>jacet:</span> <span class='ocrx_word' id='word_1_159' title='bbox 459 2101 609 2163; x_wconf 83' lang='lat' dir='ltr'>minimirm</span> <span class='ocrx_word' id='word_1_160' title='bbox 625 2103 762 2160; x_wconf 90' lang='lat' dir='ltr'>dormitur</span> <span class='ocrx_word' id='word_1_161' title='bbox 777 2105 806 2160; x_wconf 92' lang='lat' dir='ltr'>in</span> <span class='ocrx_word' id='word_1_162' title='bbox 822 2103 877 2162; x_wconf 86' lang='lat' dir='ltr'>illo.</span> <span class='ocrx_word' id='word_1_163' title='bbox 957 2123 995 2173; x_wconf 64' lang='grc' dir='ltr'>’ς’</span> <span class='ocrx_word' id='word_1_164' title='bbox 1027 2129 1030 2136; x_wconf 92' lang='grc'><strong><em>·</em></strong></span> <span class='ocrx_word' id='word_1_165' title='bbox 1121 2112 1127 2129; x_wconf 84' lang='grc'><em>’</em></span> 
     </span>
     <span class='ocr_line' id='line_1_24' title="bbox 127 2180 983 2260; baseline -0.002 -18"><span class='ocrx_word' id='word_1_166' title='bbox 127 2183 216 2242; x_wconf 90' lang='lat' dir='ltr'>Tunc</span> <span class='ocrx_word' id='word_1_167' title='bbox 230 2185 324 2260; x_wconf 88' lang='lat' dir='ltr'>gravis</span> <span class='ocrx_word' id='word_1_168' title='bbox 338 2183 387 2242; x_wconf 85' lang='lat' dir='ltr'>illa</span> <span class='ocrx_word' id='word_1_169' title='bbox 401 2183 469 2254; x_wconf 85' lang='lat' dir='ltr'>viro,</span> <span class='ocrx_word' id='word_1_170' title='bbox 484 2194 553 2240; x_wconf 92' lang='lat' dir='ltr'>tuuc</span> <span class='ocrx_word' id='word_1_171' title='bbox 566 2183 636 2240; x_wconf 71' lang='lat' dir='ltr'>orba</span> <span class='ocrx_word' id='word_1_172' title='bbox 650 2183 753 2258; x_wconf 86' lang='lat' dir='ltr'>tigride</span> <span class='ocrx_word' id='word_1_173' title='bbox 768 2183 854 2258; x_wconf 84' lang='lat' dir='ltr'>pejor.</span> <span class='ocrx_word' id='word_1_174' title='bbox 976 2180 983 2188; x_wconf 74' lang='lat'>&#39;</span> 
     </span>
     <span class='ocr_line' id='line_1_25' title="bbox 127 2261 838 2338; baseline -0.008 -14"><span class='ocrx_word' id='word_1_175' title='bbox 127 2262 229 2324; x_wconf 82' lang='lat' dir='ltr'>Quum</span> <span class='ocrx_word' id='word_1_176' title='bbox 243 2263 357 2320; x_wconf 86' lang='lat' dir='ltr'>simulat</span> <span class='ocrx_word' id='word_1_177' title='bbox 370 2262 494 2338; x_wconf 85' lang='lat' dir='ltr'>gemitus</span> <span class='ocrx_word' id='word_1_178' title='bbox 507 2261 614 2319; x_wconf 91' lang='lat' dir='ltr'>occulti</span> <span class='ocrx_word' id='word_1_179' title='bbox 628 2263 745 2320; x_wconf 80' lang='lat' dir='ltr'>conscia</span> <span class='ocrx_word' id='word_1_180' title='bbox 759 2261 838 2334; x_wconf 84' lang='lat' dir='ltr'>facti,</span> 
     </span>
     <span class='ocr_line' id='line_1_26' title="bbox 129 2341 1116 2418; baseline 0.002 -18"><span class='ocrx_word' id='word_1_181' title='bbox 129 2343 190 2400; x_wconf 80' lang='lat' dir='ltr'>Aut</span> <span class='ocrx_word' id='word_1_182' title='bbox 202 2343 262 2400; x_wconf 91' lang='lat' dir='ltr'>odit</span> <span class='ocrx_word' id='word_1_183' title='bbox 275 2361 387 2418; x_wconf 92' lang='lat' dir='ltr'>pueros,</span> <span class='ocrx_word' id='word_1_184' title='bbox 403 2354 452 2399; x_wconf 87' lang='lat' dir='ltr'>aut</span> <span class='ocrx_word' id='word_1_185' title='bbox 466 2341 532 2398; x_wconf 78' lang='lat' dir='ltr'>ficte</span> <span class='ocrx_word' id='word_1_186' title='bbox 545 2341 647 2417; x_wconf 86' lang='lat' dir='ltr'>pellice</span> <span class='ocrx_word' id='word_1_187' title='bbox 662 2341 760 2416; x_wconf 88' lang='lat' dir='ltr'>plorat,</span> <span class='ocrx_word' id='word_1_188' title='bbox 1054 2343 1116 2402; x_wconf 77' lang='grc'>225</span> 
     </span>
     <span class='ocr_line' id='line_1_27' title="bbox 129 2420 849 2496; baseline -0.001 -17"><span class='ocrx_word' id='word_1_189' title='bbox 129 2421 271 2480; x_wconf 86' lang='lat' dir='ltr'>Uberibus</span> <span class='ocrx_word' id='word_1_190' title='bbox 284 2440 394 2496; x_wconf 89' lang='lat' dir='ltr'>semper</span> <span class='ocrx_word' id='word_1_191' title='bbox 408 2420 550 2495; x_wconf 86' lang='lat' dir='ltr'>lacrymis,</span> <span class='ocrx_word' id='word_1_192' title='bbox 565 2439 730 2495; x_wconf 84' lang='lat' dir='ltr'>semperque</span> <span class='ocrx_word' id='word_1_193' title='bbox 745 2420 849 2496; x_wconf 86' lang='lat' dir='ltr'>paratis</span> 
     </span>
     <span class='ocr_line' id='line_1_28' title="bbox 128 2499 825 2575; baseline -0.001 -18"><span class='ocrx_word' id='word_1_194' title='bbox 128 2500 164 2558; x_wconf 94' lang='lat' dir='ltr'>In</span> <span class='ocrx_word' id='word_1_195' title='bbox 178 2500 301 2558; x_wconf 88' lang='lat' dir='ltr'>statione</span> <span class='ocrx_word' id='word_1_196' title='bbox 315 2501 378 2571; x_wconf 76' lang='lat' dir='ltr'>suri,</span> <span class='ocrx_word' id='word_1_197' title='bbox 392 2511 476 2574; x_wconf 87' lang='lat' dir='ltr'>atque</span> <span class='ocrx_word' id='word_1_198' title='bbox 491 2499 722 2575; x_wconf 87' lang='lat' dir='ltr'>exspectantibus</span> <span class='ocrx_word' id='word_1_199' title='bbox 737 2500 825 2574; x_wconf 80' lang='lat' dir='ltr'>illam,</span> 
     </span>
     <span class='ocr_line' id='line_1_29' title="bbox 127 2577 864 2656; baseline -0.001 -20"><span class='ocrx_word' id='word_1_200' title='bbox 127 2580 198 2642; x_wconf 81' lang='lat' dir='ltr'>Quo</span> <span class='ocrx_word' id='word_1_201' title='bbox 210 2579 309 2656; x_wconf 86' lang='lat' dir='ltr'>jubeat</span> <span class='ocrx_word' id='word_1_202' title='bbox 323 2598 438 2638; x_wconf 85' lang='lat' dir='ltr'>manare</span> <span class='ocrx_word' id='word_1_203' title='bbox 453 2577 553 2636; x_wconf 91' lang='lat' dir='ltr'>modo:</span> <span class='ocrx_word' id='word_1_204' title='bbox 576 2592 606 2636; x_wconf 91' lang='lat' dir='ltr'>tn</span> <span class='ocrx_word' id='word_1_205' title='bbox 621 2580 714 2635; x_wconf 88' lang='lat' dir='ltr'>credis</span> <span class='ocrx_word' id='word_1_206' title='bbox 729 2598 864 2652; x_wconf 90' lang='lat' dir='ltr'>amorem,</span> 
     </span>
     <span class='ocr_line' id='line_1_30' title="bbox 128 2655 1148 2733; baseline 0.001 -18"><span class='ocrx_word' id='word_1_207' title='bbox 128 2657 177 2715; x_wconf 89' lang='lat' dir='ltr'>Tu</span> <span class='ocrx_word' id='word_1_208' title='bbox 192 2658 244 2717; x_wconf 93' lang='lat' dir='ltr'>tibi</span> <span class='ocrx_word' id='word_1_209' title='bbox 254 2670 324 2716; x_wconf 92' lang='lat' dir='ltr'>tunc</span> <span class='ocrx_word' id='word_1_210' title='bbox 338 2676 459 2716; x_wconf 88' lang='lat' dir='ltr'>curruca</span> <span class='ocrx_word' id='word_1_211' title='bbox 472 2655 579 2733; x_wconf 86' lang='lat' dir='ltr'>places,</span> <span class='ocrx_word' id='word_1_212' title='bbox 594 2656 747 2732; x_wconf 77' lang='lat' dir='ltr'>fletumque</span> <span class='ocrx_word' id='word_1_213' title='bbox 761 2658 870 2716; x_wconf 90' lang='lat' dir='ltr'>labellis</span> <span class='ocrx_word' id='word_1_214' title='bbox 910 2693 913 2700; x_wconf 93' lang='lat'><em>·</em></span> <span class='ocrx_word' id='word_1_215' title='bbox 1145 2723 1148 2733; x_wconf 29' lang='lat'>¹</span> 
     </span>
     <span class='ocr_line' id='line_1_31' title="bbox 128 2728 1182 2814; baseline 0.001 -18"><span class='ocrx_word' id='word_1_216' title='bbox 128 2737 280 2809; x_wconf 81' lang='lat' dir='ltr'>Exsorbes,</span> <span class='ocrx_word' id='word_1_217' title='bbox 294 2756 356 2814; x_wconf 85' lang='lat' dir='ltr'>quae</span> <span class='ocrx_word' id='word_1_218' title='bbox 371 2737 475 2811; x_wconf 82' lang='lat' dir='ltr'>scripta</span> <span class='ocrx_word' id='word_1_219' title='bbox 489 2747 517 2793; x_wconf 87' lang='lat' dir='ltr'>et</span> <span class='ocrx_word' id='word_1_220' title='bbox 530 2748 597 2811; x_wconf 90' lang='lat' dir='ltr'>quot</span> <span class='ocrx_word' id='word_1_221' title='bbox 611 2733 864 2810; x_wconf 74' lang='lat' dir='ltr'>lectureltabellas,</span> <span class='ocrx_word' id='word_1_222' title='bbox 893 2761 913 2778; x_wconf 49' lang='grc' dir='ltr'><em>υ</em></span> <span class='ocrx_word' id='word_1_223' title='bbox 941 2735 950 2759; x_wconf 93' lang='grc'>”</span> <span class='ocrx_word' id='word_1_224' title='bbox 1001 2766 1008 2776; x_wconf 89' lang='grc'><em>·</em></span> <span class='ocrx_word' id='word_1_225' title='bbox 1036 2728 1116 2797; x_wconf 59' lang='grc'>’230</span> <span class='ocrx_word' id='word_1_226' title='bbox 1174 2731 1182 2741; x_wconf 80' lang='grc'><strong>’</strong></span> 
     </span>
     <span class='ocr_line' id='line_1_32' title="bbox 128 2809 823 2892; baseline -0.001 -17"><span class='ocrx_word' id='word_1_227' title='bbox 128 2816 160 2875; x_wconf 89' lang='lat' dir='ltr'>Si</span> <span class='ocrx_word' id='word_1_228' title='bbox 174 2817 226 2875; x_wconf 93' lang='lat' dir='ltr'>tibi</span> <span class='ocrx_word' id='word_1_229' title='bbox 241 2817 378 2892; x_wconf 84' lang='lat' dir='ltr'>zelotypae</span> <span class='ocrx_word' id='word_1_230' title='bbox 393 2827 555 2891; x_wconf 83' lang='lat' dir='ltr'>retegantur</span> <span class='ocrx_word' id='word_1_231' title='bbox 569 2809 674 2873; x_wconf 90' lang='lat' dir='ltr'>scrinia</span> <span class='ocrx_word' id='word_1_232' title='bbox 688 2817 823 2874; x_wconf 87' lang='lat' dir='ltr'>moechael</span> 
     </span>
     <span class='ocr_line' id='line_1_33' title="bbox 128 2894 917 2972; baseline 0 -19"><span class='ocrx_word' id='word_1_233' title='bbox 128 2897 186 2954; x_wconf 86' lang='lat' dir='ltr'>Sed</span> <span class='ocrx_word' id='word_1_234' title='bbox 195 2895 271 2972; x_wconf 87' lang='lat' dir='ltr'>jacet</span> <span class='ocrx_word' id='word_1_235' title='bbox 285 2895 315 2954; x_wconf 95' lang='lat' dir='ltr'>in</span> <span class='ocrx_word' id='word_1_236' title='bbox 329 2895 400 2953; x_wconf 85' lang='lat' dir='ltr'>servi</span> <span class='ocrx_word' id='word_1_237' title='bbox 414 2894 620 2970; x_wconf 85' lang='lat' dir='ltr'>complexibus,</span> <span class='ocrx_word' id='word_1_238' title='bbox 635 2905 684 2952; x_wconf 82' lang='lat' dir='ltr'>aut</span> <span class='ocrx_word' id='word_1_239' title='bbox 696 2895 808 2970; x_wconf 88' lang='lat' dir='ltr'>equitis.</span> <span class='ocrx_word' id='word_1_240' title='bbox 849 2894 917 2968; x_wconf 90' lang='lat' dir='ltr'>Dic,</span> 
     </span>
     <span class='ocr_line' id='line_1_34' title="bbox 128 2972 877 3052; baseline 0 -20"><span class='ocrx_word' id='word_1_241' title='bbox 128 2975 185 3032; x_wconf 93' lang='lat' dir='ltr'>Dic</span> <span class='ocrx_word' id='word_1_242' title='bbox 200 2974 333 3050; x_wconf 82' lang='lat' dir='ltr'>aliquem,</span> <span class='ocrx_word' id='word_1_243' title='bbox 347 2974 440 3045; x_wconf 86' lang='lat' dir='ltr'>sodes,</span> <span class='ocrx_word' id='word_1_244' title='bbox 456 2972 513 3046; x_wconf 70' lang='lat' dir='ltr'>bip,</span> <span class='ocrx_word' id='word_1_245' title='bbox 527 2973 720 3052; x_wconf 64' lang='lat' dir='ltr'>Quintiliane,</span> <span class='ocrx_word' id='word_1_246' title='bbox 734 2973 877 3032; x_wconf 92' lang='lat' dir='ltr'>colorem:</span> 
     </span>
     <span class='ocr_line' id='line_1_35' title="bbox 128 3052 884 3129; baseline -0.001 -18"><span class='ocrx_word' id='word_1_247' title='bbox 128 3054 298 3112; x_wconf 81' lang='lat' dir='ltr'>Haeremus:</span> <span class='ocrx_word' id='word_1_248' title='bbox 320 3053 367 3110; x_wconf 88' lang='lat' dir='ltr'>dic</span> <span class='ocrx_word' id='word_1_249' title='bbox 383 3053 392 3109; x_wconf 93' lang='lat' dir='ltr'>i</span> <span class='ocrx_word' id='word_1_250' title='bbox 412 3072 451 3109; x_wconf 85' lang='lat' dir='ltr'>sa.</span> <span class='ocrx_word' id='word_1_251' title='bbox 492 3052 571 3110; x_wconf 91' lang='lat' dir='ltr'>Olim</span> <span class='ocrx_word' id='word_1_252' title='bbox 586 3065 768 3124; x_wconf 88' lang='lat' dir='ltr'>convenerat,</span> <span class='ocrx_word' id='word_1_253' title='bbox 783 3053 884 3129; x_wconf 90' lang='lat' dir='ltr'>inquit,</span> 
     </span>
     <span class='ocr_line' id='line_1_36' title="bbox 82 3073 1115 3208; baseline 0.001 -16"><span class='ocrx_word' id='word_1_254' title='bbox 82 3145 85 3153; x_wconf 83' lang='grc'><em>’</em></span> <span class='ocrx_word' id='word_1_255' title='bbox 128 3133 167 3192; x_wconf 93' lang='lat' dir='ltr'>Ut</span> <span class='ocrx_word' id='word_1_256' title='bbox 181 3133 290 3190; x_wconf 84' lang='lat' dir='ltr'>laceres</span> <span class='ocrx_word' id='word_1_257' title='bbox 303 3143 345 3203; x_wconf 92' lang='lat' dir='ltr'>tu,</span> <span class='ocrx_word' id='word_1_258' title='bbox 359 3073 545 3206; x_wconf 67' lang='lat' dir='ltr'>quiidrelles,</span> <span class='ocrx_word' id='word_1_259' title='bbox 559 3151 615 3188; x_wconf 91' lang='lat' dir='ltr'>nec</span> <span class='ocrx_word' id='word_1_260' title='bbox 629 3151 688 3189; x_wconf 93' lang='lat' dir='ltr'>non</span> <span class='ocrx_word' id='word_1_261' title='bbox 702 3151 757 3208; x_wconf 86' lang='lat' dir='ltr'>ego</span> <span class='ocrx_word' id='word_1_262' title='bbox 770 3151 883 3207; x_wconf 88' lang='lat' dir='ltr'>possem</span> <span class='ocrx_word' id='word_1_263' title='bbox 1053 3135 1115 3193; x_wconf 82' lang='grc'>235</span> 
     </span>
     <span class='ocr_line' id='line_1_37' title="bbox 127 3208 832 3294; baseline -0.001 -24"><span class='ocrx_word' id='word_1_264' title='bbox 127 3211 284 3288; x_wconf 80' lang='lat' dir='ltr'>indulgere</span> <span class='ocrx_word' id='word_1_265' title='bbox 298 3211 389 3268; x_wconf 88' lang='lat' dir='ltr'>mibi.</span> <span class='ocrx_word' id='word_1_266' title='bbox 410 3209 517 3294; x_wconf 80' lang='lat' dir='ltr'>clames</span> <span class='ocrx_word' id='word_1_267' title='bbox 532 3208 610 3280; x_wconf 74' lang='lat' dir='ltr'>licet,</span> <span class='ocrx_word' id='word_1_268' title='bbox 624 3222 654 3268; x_wconf 91' lang='lat' dir='ltr'>et</span> <span class='ocrx_word' id='word_1_269' title='bbox 667 3229 744 3268; x_wconf 88' lang='lat' dir='ltr'>mare</span> <span class='ocrx_word' id='word_1_270' title='bbox 758 3211 832 3269; x_wconf 87' lang='lat' dir='ltr'>coelo</span> 
     </span>
     <span class='ocr_line' id='line_1_38' title="bbox 87 3289 890 3374; baseline -0.005 -24"><span class='ocrx_word' id='word_1_271' title='bbox 87 3291 96 3320; x_wconf 86' lang='grc'>”</span> <span class='ocrx_word' id='word_1_272' title='bbox 127 3291 307 3362; x_wconf 77' lang='lat' dir='ltr'>Confundas,</span> <span class='ocrx_word' id='word_1_273' title='bbox 322 3291 407 3374; x_wconf 63' lang='lat' dir='ltr'>horno</span> <span class='ocrx_word' id='word_1_274' title='bbox 420 3308 491 3346; x_wconf 89' lang='lat' dir='ltr'>sum.</span> <span class='ocrx_word' id='word_1_275' title='bbox 533 3289 614 3347; x_wconf 92' lang='lat' dir='ltr'>Nihil</span> <span class='ocrx_word' id='word_1_276' title='bbox 629 3303 671 3347; x_wconf 92' lang='lat' dir='ltr'>est</span> <span class='ocrx_word' id='word_1_277' title='bbox 685 3291 822 3347; x_wconf 90' lang='lat' dir='ltr'>audacius</span> <span class='ocrx_word' id='word_1_278' title='bbox 834 3290 890 3365; x_wconf 71' lang='lat' dir='ltr'>illis</span> 
     </span>
     <span class='ocr_line' id='line_1_39' title="bbox 127 3367 1011 3486; baseline 0.001 -58"><span class='ocrx_word' id='word_1_279' title='bbox 127 3369 303 3446; x_wconf 69' lang='lat' dir='ltr'>Deprensis:</span> <span class='ocrx_word' id='word_1_280' title='bbox 325 3369 396 3428; x_wconf 89' lang='lat' dir='ltr'>iram</span> <span class='ocrx_word' id='word_1_281' title='bbox 410 3381 494 3443; x_wconf 85' lang='lat' dir='ltr'>atque</span> <span class='ocrx_word' id='word_1_282' title='bbox 509 3369 618 3426; x_wconf 87' lang='lat' dir='ltr'>animos</span> <span class='ocrx_word' id='word_1_283' title='bbox 632 3389 649 3426; x_wconf 92' lang='lat' dir='ltr'>a</span> <span class='ocrx_word' id='word_1_284' title='bbox 663 3369 783 3426; x_wconf 91' lang='lat' dir='ltr'>crimine</span> <span class='ocrx_word' id='word_1_285' title='bbox 797 3381 922 3428; x_wconf 91' lang='lat' dir='ltr'>sumunt.</span> <span class='ocrx_word' id='word_1_286' title='bbox 951 3367 1011 3486; x_wconf 43' lang='grc' dir='ltr'>κγ</span> 
     </span>
    </p>

    <p class='ocr_par' dir='ltr' id='par_1_4' title="bbox 1054 3529 1113 3586">
     <span class='ocr_line' id='line_1_40' title="bbox 1054 3529 1113 3586; baseline -0.034 0"><span class='ocrx_word' id='word_1_287' title='bbox 1054 3529 1113 3586; x_wconf 74' lang='grc'>240</span> 
     </span>
    </p>
   </div>
   <div class='ocr_carea' id='block_1_3' title="bbox 1054 1156 1114 1214">
    <p class='ocr_par' dir='ltr' id='par_1_5' title="bbox 1054 1156 1114 1214">
     <span class='ocr_line' id='line_1_41' title="bbox 1054 1156 1114 1214; baseline 0 0"><span class='ocrx_word' id='word_1_288' title='bbox 1054 1156 1114 1214; x_wconf 88' lang='grc'>210</span> 
     </span>
    </p>
   </div>
   <div class='ocr_carea' id='block_1_4' title="bbox 126 3447 977 3840">
    <p class='ocr_par' dir='ltr' id='par_1_6' title="bbox 127 3447 977 3587">
     <span class='ocr_line' id='line_1_42' title="bbox 127 3447 977 3525; baseline -0.004 -16"><span class='ocrx_word' id='word_1_289' title='bbox 127 3450 213 3509; x_wconf 88' lang='lat' dir='ltr'>Unde</span> <span class='ocrx_word' id='word_1_290' title='bbox 227 3450 289 3506; x_wconf 82' lang='lat' dir='ltr'>brec</span> <span class='ocrx_word' id='word_1_291' title='bbox 302 3458 428 3506; x_wconf 86' lang='lat' dir='ltr'>monstra</span> <span class='ocrx_word' id='word_1_292' title='bbox 441 3459 547 3518; x_wconf 91' lang='lat' dir='ltr'>tamen,</span> <span class='ocrx_word' id='word_1_293' title='bbox 563 3447 605 3504; x_wconf 89' lang='lat' dir='ltr'>vel</span> <span class='ocrx_word' id='word_1_294' title='bbox 619 3466 675 3523; x_wconf 89' lang='lat' dir='ltr'>quo</span> <span class='ocrx_word' id='word_1_295' title='bbox 689 3449 725 3504; x_wconf 93' lang='lat' dir='ltr'>de</span> <span class='ocrx_word' id='word_1_296' title='bbox 737 3448 823 3520; x_wconf 81' lang='lat' dir='ltr'>sonte,</span> <span class='ocrx_word' id='word_1_297' title='bbox 838 3448 977 3525; x_wconf 85' lang='lat' dir='ltr'>requirisl</span> 
     </span>
     <span class='ocr_line' id='line_1_43' title="bbox 129 3526 779 3587; baseline -0.006 0"><span class='ocrx_word' id='word_1_298' title='bbox 129 3528 285 3587; x_wconf 75' lang='lat' dir='ltr'>Praestnbat</span> <span class='ocrx_word' id='word_1_299' title='bbox 298 3538 392 3586; x_wconf 82' lang='lat' dir='ltr'>castas</span> <span class='ocrx_word' id='word_1_300' title='bbox 406 3526 522 3584; x_wconf 78' lang='lat' dir='ltr'>humilis</span> <span class='ocrx_word' id='word_1_301' title='bbox 537 3527 648 3584; x_wconf 79' lang='lat' dir='ltr'>fortuna</span> <span class='ocrx_word' id='word_1_302' title='bbox 662 3526 779 3584; x_wconf 84' lang='lat' dir='ltr'>Latinas</span> 
     </span>
    </p>

    <p class='ocr_par' dir='ltr' id='par_1_7' title="bbox 126 3605 845 3681">
     <span class='ocr_line' id='line_1_44' title="bbox 126 3605 845 3681; baseline -0.001 -16"><span class='ocrx_word' id='word_1_303' title='bbox 126 3608 296 3678; x_wconf 82' lang='lat' dir='ltr'>Quondam,</span> <span class='ocrx_word' id='word_1_304' title='bbox 311 3624 369 3663; x_wconf 87' lang='lat' dir='ltr'>noc</span> <span class='ocrx_word' id='word_1_305' title='bbox 383 3605 458 3663; x_wconf 88' lang='lat' dir='ltr'>vitiis</span> <span class='ocrx_word' id='word_1_306' title='bbox 471 3605 599 3680; x_wconf 87' lang='lat' dir='ltr'>contingi</span> <span class='ocrx_word' id='word_1_307' title='bbox 614 3625 699 3681; x_wconf 87' lang='lat' dir='ltr'>parva</span> <span class='ocrx_word' id='word_1_308' title='bbox 713 3606 845 3664; x_wconf 84' lang='lat' dir='ltr'>sinebant</span> 
     </span>
    </p>

    <p class='ocr_par' dir='ltr' id='par_1_8' title="bbox 126 3684 901 3840">
     <span class='ocr_line' id='line_1_45' title="bbox 126 3684 879 3759; baseline 0 -15"><span class='ocrx_word' id='word_1_309' title='bbox 126 3686 222 3744; x_wconf 87' lang='lat' dir='ltr'>Tecta</span> <span class='ocrx_word' id='word_1_310' title='bbox 233 3685 321 3758; x_wconf 89' lang='lat' dir='ltr'>labor,</span> <span class='ocrx_word' id='word_1_311' title='bbox 335 3684 483 3759; x_wconf 89' lang='lat' dir='ltr'>somnique</span> <span class='ocrx_word' id='word_1_312' title='bbox 498 3684 606 3755; x_wconf 87' lang='lat' dir='ltr'>breves,</span> <span class='ocrx_word' id='word_1_313' title='bbox 620 3697 648 3742; x_wconf 89' lang='lat' dir='ltr'>et</span> <span class='ocrx_word' id='word_1_314' title='bbox 663 3684 764 3756; x_wconf 62' lang='lat' dir='ltr'>agellus</span> <span class='ocrx_word' id='word_1_315' title='bbox 778 3685 879 3744; x_wconf 87' lang='lat' dir='ltr'>Tusco</span> 
     </span>
     <span class='ocr_line' id='line_1_46' title="bbox 128 3763 901 3840; baseline -0.004 -15"><span class='ocrx_word' id='word_1_316' title='bbox 128 3766 246 3825; x_wconf 70' lang='lat' dir='ltr'>Vexata</span> <span class='ocrx_word' id='word_1_317' title='bbox 260 3765 393 3839; x_wconf 82' lang='lat' dir='ltr'>duraeque</span> <span class='ocrx_word' id='word_1_318' title='bbox 408 3782 518 3834; x_wconf 90' lang='lat' dir='ltr'>manus,</span> <span class='ocrx_word' id='word_1_319' title='bbox 534 3783 567 3820; x_wconf 90' lang='lat' dir='ltr'>ac</span> <span class='ocrx_word' id='word_1_320' title='bbox 581 3764 726 3840; x_wconf 82' lang='lat' dir='ltr'>proximus</span> <span class='ocrx_word' id='word_1_321' title='bbox 740 3763 809 3822; x_wconf 91' lang='lat' dir='ltr'>Urbi</span> <span class='ocrx_word' id='word_1_322' title='bbox 899 3817 901 3822; x_wconf 92' lang='lat'><em>.</em></span> 
     </span>
    </p>
   </div>
   <div class='ocr_carea' id='block_1_5' title="bbox 129 3841 785 3980">
    <p class='ocr_par' dir='ltr' id='par_1_9' title="bbox 129 3841 785 3980">
     <span class='ocr_line' id='line_1_47' title="bbox 129 3841 785 3980; baseline -0.006 -76"><span class='ocrx_word' id='word_1_323' title='bbox 129 3843 287 3916; x_wconf 80' lang='lat' dir='ltr'>llonuibttl,</span> <span class='ocrx_word' id='word_1_324' title='bbox 301 3853 331 3902; x_wconf 90' lang='lat' dir='ltr'>ct</span> <span class='ocrx_word' id='word_1_325' title='bbox 344 3853 450 3980; x_wconf 58' lang='lat' dir='ltr'>stprptes</span> <span class='ocrx_word' id='word_1_326' title='bbox 465 3841 580 3918; x_wconf 51' lang='lat' dir='ltr'>Gaffiot</span> <span class='ocrx_word' id='word_1_327' title='bbox 593 3855 669 3901; x_wconf 91' lang='lat' dir='ltr'>turre</span> <span class='ocrx_word' id='word_1_328' title='bbox 683 3842 785 3900; x_wconf 88' lang='lat' dir='ltr'>mariti.</span> 
     </span>
    </p>
   </div>
   <div class='ocr_carea' id='block_1_6' title="bbox 0 0 1340 4310">
    <p class='ocr_par' dir='ltr' id='par_1_10' title="bbox 0 0 1340 4310">
     <span class='ocr_line' id='line_1_48' title="bbox 0 0 1340 4310; baseline 0 0"><span class='ocrx_word' id='word_1_329' title='bbox 0 0 1340 4310; x_wconf 95' lang='lat' dir='ltr'> </span> 
     </span>
    </p>
   </div>
  </div>
 </body>
</html>
