2652 4308
525 269 648 320 savum
666 269 691 318 V

123 410 248 470 Luciferi
263 411 350 482 rudis,
365 412 504 470 exclamet
520 411 669 470 Melicerta
683 412 790 488 perisse

123 491 255 548 Frontem
269 492 304 547 de
320 491 412 548 rebus.
454 490 522 548 Tibi
538 504 614 548 recto
626 493 717 548 vivee
732 492 789 549 talo

37 622 40 628 .
123 571 177 627 Ars
191 569 290 625 deditl
311 581 340 626 et
354 571 410 625 veri
426 570 550 643 speciem
565 571 732 643 dignoscere
746 572 843 642 calles,

122 647 167 704 Ne
181 666 235 722 qua
251 649 390 704 subaerato
405 649 569 704 mendosum
586 649 688 704 tinniat
702 651 792 706 aurol

120 726 251 800 Quaeque
264 726 409 800 sequenda
424 727 565 794 furenter
578 746 641 800 quaa
655 729 767 783 vitanda
782 727 904 784 vicissim

122 804 174 860 llla
188 803 266 879 priirs
280 805 367 875 creta,
383 823 447 861 mox
462 805 523 862 haec
537 806 669 875 carbone,
684 807 807 862 notastil

122 882 161 938 Es
176 883 304 939 modicus
318 884 393 939 votil
414 902 510 958 presso
524 884 581 940 lare
590 887 602 939 ‘t
616 883 709 939 dulcis
720 885 839 940 amicisl

121 961 139 1017 J
142 980 187 1018 am
198 980 276 1020 nunc
287 962 435 1037 astringas,
447 961 506 1035 jam
520 980 599 1017 nunc
613 962 744 1036 granaria
758 963 856 1019 laxesl

124 1039 214 1114 Inque
227 1040 288 1098 luto
299 1040 385 1098 fixum
399 1040 489 1115 possis
503 1041 717 1097 transscendere
733 1059 892 1113 nummum,

124 1117 188 1176 Nec
201 1119 291 1194 glutto
304 1119 417 1176 sorbere
432 1119 547 1176 salivam
562 1117 783 1176 Mercurialeml

162 1197 235 1254 Hec
250 1217 313 1254 mea
327 1208 403 1268 sunt,
417 1208 510 1268 teneo,
525 1216 610 1271 quum
626 1195 691 1254 vere
707 1199 821 1268 dixeris,
835 1211 896 1256 esto

123 1276 262 1351 Liberque
277 1295 311 1332 ac
325 1276 446 1351 sapiens,
461 1276 626 1352 praatoribus
637 1296 671 1333 ac
685 1275 754 1333 Jove
768 1276 875 1334 dextro.

123 1355 176 1412 Sin
190 1366 230 1426 tu,
245 1373 332 1430 quum
346 1355 431 1411 luens
442 1367 544 1412 nostre
558 1352 642 1429 pauld
657 1352 723 1412 autc
739 1355 847 1427 sarinae,

123 1434 289 1492 Pelliculam
303 1444 427 1490 veterem
441 1435 553 1503 retines,
568 1445 596 1490 et
611 1434 701 1490 sronte
715 1434 818 1508 politus

123 1514 255 1570 Astutam
270 1511 370 1586 vapido
384 1531 478 1568 servas
490 1513 542 1568 sub
556 1524 669 1586 pectore
678 1513 794 1586 ¹vulpem
808 1533 814 1569 :

121 1592 198 1652 Quae
212 1592 347 1648 dederam
361 1589 455 1666 supra,
467 1603 572 1666 repeto,
588 1591 740 1664 funemque
754 1593 868 1648 reduco.

124 1670 172 1727 Nil
188 1670 238 1727 tibi
252 1670 394 1726 concessit
405 1670 492 1726 ratio:
514 1670 632 1744 digitum
647 1688 756 1739 exsere,
770 1689 882 1744 peccas,

122 1749 160 1806 Et
173 1748 239 1823 quid
254 1760 312 1805 tam
326 1767 441 1824 parvum
455 1750 515 1804 estl
536 1749 586 1804 sed
600 1748 677 1804 nullo
691 1749 773 1804 thure
787 1749 889 1820 litabis,

122 1828 240 1884 Haereat
256 1828 292 1884 in
299 1827 391 1884 stultis
405 1827 497 1883 brevis
511 1837 540 1882 ut
555 1828 702 1884 semuncia
716 1827 794 1883 recti.

122 1906 196 1963 Haec
211 1907 330 1963 miscere
345 1905 442 1962 nefas:
464 1923 528 1976 nec,
543 1925 629 1979 quum
644 1905 682 1960 sis
696 1917 800 1962 caetera
815 1904 912 1975 fossor,

122 1984 198 2041 Tres
211 1983 322 2042 tantitm
336 1984 371 2041 ad
387 2002 519 2040 numeros
533 1984 618 2058 satyri
632 2002 761 2040 moveare
776 1983 907 2058 Bathylli.

122 2063 226 2120 ‘Liber
240 2064 311 2138 ego!
354 2062 436 2119 Unde
452 2063 549 2118 datum
565 2064 618 2119 hoc
632 2063 729 2131 sumis,
738 2074 785 2118 tot
799 2062 910 2118 subdite
925 2062 1031 2118 rebusl

123 2143 171 2199 An
186 2143 332 2199 dominum
344 2141 465 2217 ignoras,
481 2141 535 2198 nisi
549 2160 634 2214 quem
649 2140 773 2198 vindicta
788 2141 914 2198 relaxatl
1047 2141 1103 2198 125

123 2221 166 2291 Ἰ,
180 2240 259 2296 puer,
273 2231 302 2288 et
315 2221 435 2296 strigiles
450 2219 574 2294 Crispini
589 2220 625 2276 ad
641 2219 742 2275 balnea
755 2219 856 2276 delerz’

123 2301 154 2357 Si
170 2299 319 2374 increpuit,
332 2305 338 2328 ¹
351 2317 446 2355 cessas
454 2308 573 2374 nugator
582 2300 601 2354 l'
624 2297 768 2354 servitium
782 2317 847 2354 acre

122 2377 169 2434 Te
184 2377 254 2434 nihil
269 2377 402 2452 impellit:
424 2395 479 2434 nec
492 2377 645 2452 quidquam
659 2377 836 2434 extrinsecus
849 2377 944 2448 intrat,

121 2457 210 2518 Quod
224 2475 325 2514 nervos
339 2457 441 2530 agitet:
462 2458 512 2513 sed
527 2457 550 2512 si
565 2456 640 2512 intus
654 2467 683 2512 et
698 2456 726 2512 in
738 2455 835 2530 jecore
850 2474 926 2531 aegro

122 2534 287 2592 Nascantur
300 2534 424 2591 domiui:
445 2534 495 2609 qui
510 2546 540 2590 tu
553 2534 715 2608 impunitior
729 2534 799 2605 axia,
1047 2535 1104 2592 130

122 2615 218 2689 Atque
233 2614 290 2683 bic,
304 2631 388 2687 quem
403 2614 438 2670 ad
452 2613 573 2687 strigiles
586 2613 695 2670 scutica
709 2625 738 2670 et
752 2624 844 2668 metus
857 2613 917 2688 egit
930 2612 1045 2670 herilisl

163 2691 251 2748 Mane
265 2691 344 2766 piger
357 2691 466 2748 stertis:
490 2693 592 2766 Surge,
608 2693 700 2765 inquit
716 2691 848 2748 avaritia:
869 2693 923 2748 eia,

123 2771 225 2846 Surge.
267 2769 380 2844 Negas:
402 2770 503 2826 instat:
525 2771 626 2845 Surge,
642 2770 740 2844 inquit.
771 2769 859 2827 ‘Non
873 2770 964 2844 queo!
988 2769 1092 2844 Surge.

122 2849 180 2906 ‘Et
193 2847 260 2924 quid
275 2867 357 2924 agam
366 2849 386 2904 l'
428 2848 569 2923 Rogitasl
591 2850 722 2923 saperdas
736 2849 843 2904 advehe
858 2847 959 2917 Ponto,

122 2926 302 2998 Castoreum,
316 2938 441 3003 stuppas,
455 2928 589 2997 ebenum,
604 2929 679 2997 thus,
694 2926 804 2982 lubrica
818 2926 887 2983 Coa.
925 2933 926 2938 ’
1049 2924 1105 2980 tat

122 3004 208 3062 Tolle
222 3023 323 3062 recens
335 3006 442 3080 primus
456 3005 562 3081 pipere
576 3005 689 3062 sitiente
704 3003 820 3061 camelo.

124 3083 212 3142 Verte
226 3083 348 3158 aliquid:
367 3084 439 3159 jura.
482 3083 559 3140 ‘Sed
575 3083 686 3158 Jupiter
702 3082 815 3138 audiet’
857 3080 957 3138 Ebeul

124 3163 208 3234 Baro,
222 3172 397 3238 regustatum
411 3162 500 3238 digito
513 3163 654 3220 terebrare
669 3162 791 3218 salinum

123 3241 284 3299 Contentus
297 3261 425 3316 perages,
436 3241 460 3298 si
477 3241 567 3298 vivere
581 3259 647 3296 cum
662 3239 732 3298 Jove
746 3239 849 3298 tendis.

122 3320 141 3376 J
145 3339 190 3377 am
204 3319 300 3395 pueris
314 3319 414 3395 pellem
430 3319 595 3378 succinctus
605 3332 634 3377 et
647 3320 834 3395 oenophcrum
849 3329 946 3394 aptas:
1050 3319 1107 3376 1le

123 3396 216 3457 Ociirs
229 3399 265 3455 ad
277 3416 396 3456 navem:
417 3398 486 3456 nihil
500 3399 602 3469 obstat,
617 3399 684 3473 quin
700 3398 779 3456 trabe
792 3397 871 3456 vastd

123 3478 258 3552 AEgteum
273 3478 374 3552 rapias,
389 3476 443 3533 nisi
458 3476 545 3533 solers
559 3477 670 3534 luxuria
683 3474 750 3534 ante

124 3557 282 3614 Seductum
297 3567 428 3612 moneat:
450 3552 519 3617 Qud
534 3555 648 3627 deiude,
664 3555 772 3626 insane,
787 3553 864 3612 ruisl
884 3551 962 3630 qudl

123 3635 205 3696 Quid
219 3633 270 3690 tibi
285 3634 348 3690 visl
369 3633 461 3690 calido
475 3634 528 3690 sub
541 3645 655 3708 pectore
669 3634 794 3690 mascula
809 3633 872 3690 bilis

123 3712 274 3785 Intumuit,
288 3731 372 3788 quam
386 3732 444 3769 non
459 3712 624 3770 exstinxerit
637 3733 708 3770 urna
721 3712 844 3770 cicutael
1053 3709 1107 3766 145
