2666 4310
532 295 656 346 saman
674 295 750 346 Xlll.

149 440 219 506 llaec
232 451 317 516 quota
330 458 395 515 pars
408 439 558 510 scelerum,
572 458 635 514 quae
647 451 742 496 custos
756 439 883 498 Gallicus
897 439 982 498 Urbis
1028 449 1029 452 ’

148 520 241 595 Usque
255 540 272 577 a
285 519 412 590 lucifera,
428 519 520 576 donec
534 519 582 575 lux
595 521 717 589 occidat,
733 519 829 576 auditl

149 599 274 655 Humani
289 600 402 674 generis
416 615 508 654 mores
523 598 573 654 tibi
588 597 672 654 ndsse
687 597 791 655 volenti

146 678 257 734 Sufficit
272 695 329 734 una
342 677 452 735 domus.
495 677 604 734 Paucos
619 695 755 732 consume
769 677 841 748 dies,
855 688 884 734 et

148 757 249 814 llicere
264 769 292 814 te
306 756 450 827 miserum,
465 737 612 831 pbstquam
627 756 705 811 illinc
720 755 838 823 veneris,
853 757 935 813 aude.

144 836 221 897 Quis
234 836 375 892 tumidum
389 846 485 911 guttur
501 837 616 891 miratur
631 835 660 890 in
676 835 818 909 Alpibusl
839 849 888 892 aut
901 835 965 910 quis

146 913 180 972 ln
196 914 295 972 Meros
310 933 405 971 crasso
419 914 553 990 majorem
568 913 675 970 infante
690 913 863 992 mamillaml

145 993 260 1051 Caerula
273 993 336 1069 quis
350 993 458 1068 stupuit
471 993 608 1050 Germani
624 991 741 1064 lumina,
757 988 857 1056 flavam
939 987 943 994 ’

145 1072 308 1144 Caesariem,
322 1083 351 1129 et
366 1072 479 1128 madido
494 1083 669 1147 torquentem
684 1089 792 1128 cornua
805 1072 899 1129 cirrol

144 1151 257 1227 Nempe
271 1149 349 1226 qudd
364 1152 425 1208 haec
440 1151 494 1208 illis
509 1164 609 1207 natura
622 1161 665 1208 est
675 1150 807 1207 omnibus
822 1169 886 1208 una.

147 1231 193 1288 Ad
207 1230 316 1288 subitas
330 1229 478 1286 Thracum
493 1229 620 1287 volucres
635 1231 797 1304 nubemque
811 1249 941 1288 sonoram

139 1309 295 1385 Pygruaeus
308 1309 401 1385 parvis
414 1309 503 1366 currit
518 1308 633 1365 bellator
648 1309 677 1364 in
692 1309 796 1365 armis:

144 1387 215 1446 Mox
228 1389 317 1465 impar
332 1388 405 1447 hosti
419 1399 569 1464 raptusque
583 1407 631 1463 per
645 1392 713 1444 aera
723 1405 817 1445 curvis

144 1467 298 1543 Unguibus
312 1487 327 1524 a
342 1467 417 1524 saeva
432 1468 519 1524 fertur
533 1485 611 1543 grue.
653 1467 684 1523 Si
700 1467 795 1524 videas
809 1468 864 1524 hoe

143 1547 287 1604 Gentibus
301 1547 329 1603 in
344 1547 456 1618 nostris,
471 1547 528 1602 risu
543 1546 686 1622 quatiere:
707 1547 757 1602 sed
773 1546 841 1618 illic,

143 1625 320 1700 Quanquam
335 1625 438 1683 eadem
452 1623 566 1682 assidue
582 1637 744 1700 spectentur
759 1626 866 1700 proelia,
881 1626 955 1684 ridet

142 1703 248 1776 Nemo,
260 1705 308 1761 ubi
322 1716 380 1762 tota
393 1706 493 1786 cohors
508 1705 579 1780 pede
595 1724 651 1761 non
666 1716 708 1761 est
722 1705 801 1762 altior
817 1724 881 1762 uno.
1008 1730 1017 1747 ⁴
1033 1737 1052 1749 -=
1102 1751 1119 1772 ⁴,

183 1783 310 1841 Nullane
323 1783 429 1860 perjuri
444 1784 544 1859 capitis
559 1783 723 1857 fraudisque
739 1783 869 1840 nefandae

98 1925 103 1937 Ι
146 1862 234 1955 Pappa
247 1863 320 1920 eritl
362 1863 520 1939 Abreptum
534 1864 619 1919 crede
635 1865 712 1919 hunc
726 1863 853 1937 graviore
867 1864 967 1920 catena

71 1954 75 1968 ’
124 1927 292 2013 ''lhotenna
306 1953 335 1999 et
350 1954 444 2000 nostro
460 1941 541 2018 (quid
556 1942 618 2017 plus
629 1942 696 1998 velit
710 1942 782 2019 iral)
799 1942 895 1998 necari

144 2014 290 2080 Arbitrio:
312 2032 408 2078 manet
422 2021 469 2078 illa
486 2034 581 2078 tamen
595 2021 713 2096 jactura,
729 2039 783 2077 neo
799 2039 923 2095 unquam

142 2099 313 2176 Depositum
327 2099 378 2158 tibi
393 2119 490 2176 sospes
502 2099 563 2156 erit.
606 2101 663 2156 Sed
679 2119 796 2175 corpore
811 2112 915 2158 trunco

141 2179 286 2237 Invidiosa
299 2179 378 2236 dabit
391 2180 525 2236 minimus
539 2179 638 2236 solatia
649 2180 783 2254 sanguis:

64 2314 66 2318 .
141 2259 183 2315 At
198 2258 322 2316 vindicta
336 2259 441 2316 bonnm
458 2259 513 2315 vitai
524 2257 680 2334 jucundius
694 2257 763 2333 ipsa.

141 2335 255 2414 Nempe
270 2339 324 2396 hoc
338 2337 455 2410 indocti,
466 2355 585 2413 quorum
598 2338 755 2413 praecordia
769 2337 855 2394 nullis

141 2415 292 2476 Interdum
307 2429 359 2496 aut
369 2417 477 2474 levibus
492 2417 587 2474 videas
601 2417 748 2493 flagrantia
762 2418 865 2474 causis.

110 2512 113 2519 ’
130 2491 404 2571 'Quantulaeimque
418 2494 490 2554 adeb
504 2509 547 2554 est
560 2498 683 2567 occasio,
698 2496 802 2553 sullieit
816 2497 872 2554 irae.

139 2574 316 2651 Chrysippus
330 2595 387 2632 non
401 2576 477 2633 dicet
491 2576 576 2647 idem,
593 2595 647 2633 nec
661 2576 728 2633 mite
743 2575 874 2633 Thaletis

139 2653 305 2728 Ingenium,
320 2654 452 2730 dulcique
466 2674 553 2711 senex
568 2654 679 2712 vicinus
694 2655 839 2729 Hymett0,

138 2731 203 2792 Qui
217 2745 329 2809 partem
340 2745 465 2810 acceptae
479 2753 553 2790 saeva
568 2734 640 2791 inter
651 2735 747 2790 vinela
760 2735 863 2790 cicutae

139 2811 310 2870 Accusatori
325 2812 414 2871 nollet
426 2813 502 2872 dare.
544 2813 669 2870 Plurima
683 2814 746 2869 selix

31 2899 37 2912 ⁸
140 2889 281 2948 Paulatim
296 2891 363 2949 vitia
376 2903 459 2967 atque
473 2911 581 2949 errores
594 2893 672 2948 exuit
684 2910 793 2962 omnes,

140 2969 236 3027 Prima
249 2971 333 3028 docet
347 2983 456 3028 rectum
472 2971 636 3045 Sapientia:
658 2971 761 3046 quippe
776 2971 877 3028 minuti

139 3050 260 3124 Semper
273 3062 301 3107 et
316 3049 419 3106 infirmi
433 3061 476 3106 est
486 3049 573 3106 animi
587 3050 737 3126 exiguique
753 3049 879 3124 voluptas
1073 3053 1128 3110 190

141 3127 225 3185 Ultio.
267 3127 469 3203 Continiib‘sic
484 3127 597 3204 collige,
612 3126 689 3204 qubd
705 3128 830 3185 vindicta
986 3133 987 3136 ’

139 3205 235 3265 Nemo
249 3205 340 3284 magis
353 3209 469 3284 gaudet,
483 3205 569 3282 qudm
584 3208 707 3264 soemina.
749 3208 808 3265 Cur
822 3218 917 3266 umen
932 3209 983 3266 hos
997 3221 1027 3267 tu

141 3283 270 3344 Evasisse
284 3299 376 3363 putes,
389 3305 461 3362 quos
474 3287 528 3344 diri
542 3288 657 3344 conscia
672 3287 738 3344 sacti

140 3361 226 3422 Mens
241 3365 325 3423 habet
339 3365 481 3438 attonitos,
495 3376 524 3422 et
538 3367 623 3423 surdo
636 3367 750 3423 verbere
765 3367 860 3440 caedit,

138 3441 295 3501 Occultum
309 3445 453 3520 quatiente
468 3445 563 3501 animo
577 3457 680 3502 tortore
695 3431 856 3520 flagesshlnh
1070 3447 1126 3505 las

140 3521 228 3580 Poena
243 3538 337 3580 autem
353 3525 506 3580 vehemens
521 3543 554 3580 ae
569 3525 657 3581 multo
671 3526 769 3581 savior
785 3525 850 3597 illis,

138 3599 223 3660 Quas
237 3614 265 3659 et
279 3602 424 3659 Caedicius
438 3604 531 3678 gravis
546 3603 661 3675 invenit,
676 3617 704 3660 et
719 3603 957 3662 Rhadamanthus

140 3677 233 3738 Nocte
247 3680 350 3757 dieque
364 3700 448 3737 suum
463 3695 574 3758 gestare
590 3682 618 3738 in
630 3696 744 3756 pectore
758 3695 867 3741 testem.
903 3692 922 3748 ς’(

139 3757 279 3834 Spartano
293 3760 408 3816 cuidam
422 3761 567 3836 respondit
583 3761 683 3836 Pythia
699 3775 796 3818 vates:
886 3766 899 3803 s

141 3836 226 3896 llaud
241 3838 412 3976 impunitn7m
425 3841 568 3915 quondam
584 3840 652 3911 sore,
666 3837 742 3915 quod
757 3839 899 3898 dubitaret
1068 3842 1124 3899 auu
